PokerStars Zoom Hand #259513201871:  Hold'em No Limit (€0.02/€0.05) - 2026/01/29 22:21:01 CET [2026/01/29 16:21:01 ET]
Table 'Asterope' 6-max Seat #1 is the button
Seat 1: EronMobius (€6.72 in chips) 
Seat 2: Angelfs7 (€5.60 in chips) 
Seat 3: pipinoelbreve9 (€5 in chips) 
Seat 4: redwoco (€2 in chips) 
Seat 5: master1871 (€5.31 in chips) 
Seat 6: GBEMEMORY42 (€17.17 in chips) 
Angelfs7: posts small blind €0.02
pipinoelbreve9: posts big blind €0.05
*** HOLE CARDS ***
Dealt to pipinoelbreve9 [6d 6s]
redwoco: folds 
master1871: folds 
GBEMEMORY42: folds 
EronMobius: folds 
Angelfs7: raises €0.10 to €0.15
pipinoelbreve9: raises €0.35 to €0.50
Angelfs7: folds 
Uncalled bet (€0.35) returned to pipinoelbreve9
pipinoelbreve9 collected €0.30 from pot
pipinoelbreve9: doesn't show hand 
*** SUMMARY ***
Total pot €0.30 | Rake €0 
Seat 1: EronMobius (button) folded before Flop (didn't bet)
Seat 2: Angelfs7 (small blind) folded before Flop
Seat 3: pipinoelbreve9 (big blind) collected (€0.30)
Seat 4: redwoco folded before Flop (didn't bet)
Seat 5: master1871 folded before Flop (didn't bet)
Seat 6: GBEMEMORY42 folded before Flop (didn't bet)



PokerStars Zoom Hand #259513209311:  Hold'em No Limit (€0.02/€0.05) - 2026/01/29 22:21:30 CET [2026/01/29 16:21:30 ET]
Table 'Asterope' 6-max Seat #1 is the button
Seat 1: redwoco (€2 in chips) 
Seat 2: el_heniek (€5.60 in chips) 
Seat 3: Nimed (€10.90 in chips) 
Seat 4: Intraneon (€6.75 in chips) 
Seat 5: Jac-58 (€8.28 in chips) 
Seat 6: pipinoelbreve9 (€5.15 in chips) 
el_heniek: posts small blind €0.02
Nimed: posts big blind €0.05
*** HOLE CARDS ***
Dealt to pipinoelbreve9 [2h 8h]
Intraneon: folds 
Jac-58: folds 
pipinoelbreve9: folds 
redwoco: folds 
el_heniek: folds 
Uncalled bet (€0.03) returned to Nimed
Nimed collected €0.04 from pot
Nimed: doesn't show hand 
*** SUMMARY ***
Total pot €0.04 | Rake €0 
Seat 1: redwoco (button) folded before Flop (didn't bet)
Seat 2: el_heniek (small blind) folded before Flop
Seat 3: Nimed (big blind) collected (€0.04)
Seat 4: Intraneon folded before Flop (didn't bet)
Seat 5: Jac-58 folded before Flop (didn't bet)
Seat 6: pipinoelbreve9 folded before Flop (didn't bet)



PokerStars Zoom Hand #259513211598:  Hold'em No Limit (€0.02/€0.05) - 2026/01/29 22:21:39 CET [2026/01/29 16:21:39 ET]
Table 'Asterope' 6-max Seat #1 is the button
Seat 1: Angelfs7 (€5.45 in chips) 
Seat 2: pipinoelbreve9 (€5.15 in chips) 
Seat 3: titipro1905 (€4.97 in chips) 
Seat 4: KingstaS13 (€5.59 in chips) 
Seat 5: petete659 (€8.30 in chips) 
Seat 6: Aztamuka (€7.66 in chips) 
pipinoelbreve9: posts small blind €0.02
titipro1905: posts big blind €0.05
*** HOLE CARDS ***
Dealt to pipinoelbreve9 [Jd 6s]
KingstaS13: folds 
petete659: folds 
Aztamuka: folds 
Angelfs7: folds 
pipinoelbreve9: folds 
Uncalled bet (€0.03) returned to titipro1905
titipro1905 collected €0.04 from pot
titipro1905: doesn't show hand 
*** SUMMARY ***
Total pot €0.04 | Rake €0 
Seat 1: Angelfs7 (button) folded before Flop (didn't bet)
Seat 2: pipinoelbreve9 (small blind) folded before Flop
Seat 3: titipro1905 (big blind) collected (€0.04)
Seat 4: KingstaS13 folded before Flop (didn't bet)
Seat 5: petete659 folded before Flop (didn't bet)
Seat 6: Aztamuka folded before Flop (didn't bet)



PokerStars Zoom Hand #259513212562:  Hold'em No Limit (€0.02/€0.05) - 2026/01/29 22:21:43 CET [2026/01/29 16:21:43 ET]
Table 'Asterope' 6-max Seat #1 is the button
Seat 1: pipinoelbreve9 (€5.13 in chips) 
Seat 2: technoboy72 (€6.53 in chips) 
Seat 3: PerraTragas (€11.67 in chips) 
Seat 4: redwoco (€2.63 in chips) 
Seat 5: heldrmota (€3.52 in chips) 
Seat 6: el_heniek (€5.58 in chips) 
technoboy72: posts small blind €0.02
PerraTragas: posts big blind €0.05
*** HOLE CARDS ***
Dealt to pipinoelbreve9 [Ah Tc]
redwoco: folds 
heldrmota: raises €0.12 to €0.17
el_heniek: folds 
pipinoelbreve9: folds 
technoboy72: folds 
PerraTragas: folds 
Uncalled bet (€0.12) returned to heldrmota
heldrmota collected €0.12 from pot
heldrmota: doesn't show hand 
*** SUMMARY ***
Total pot €0.12 | Rake €0 
Seat 1: pipinoelbreve9 (button) folded before Flop (didn't bet)
Seat 2: technoboy72 (small blind) folded before Flop
Seat 3: PerraTragas (big blind) folded before Flop
Seat 4: redwoco folded before Flop (didn't bet)
Seat 5: heldrmota collected (€0.12)
Seat 6: el_heniek folded before Flop (didn't bet)



PokerStars Zoom Hand #259513214874:  Hold'em No Limit (€0.02/€0.05) - 2026/01/29 22:21:52 CET [2026/01/29 16:21:52 ET]
Table 'Asterope' 6-max Seat #1 is the button
Seat 1: LeX_SM21 (€2.78 in chips) 
Seat 2: redwoco (€2 in chips) 
Seat 3: pipinoelbreve9 (€5.13 in chips) 
Seat 4: Angelfs7 (€5 in chips) 
Seat 5: Sophistês (€5 in chips) 
Seat 6: Paparrota (€6.82 in chips) 
redwoco: posts small blind €0.02
pipinoelbreve9: posts big blind €0.05
*** HOLE CARDS ***
Dealt to pipinoelbreve9 [9h 8c]
Angelfs7: folds 
Sophistês: folds 
Paparrota: folds 
LeX_SM21: folds 
redwoco: raises €0.20 to €0.25
pipinoelbreve9: folds 
Uncalled bet (€0.20) returned to redwoco
redwoco collected €0.10 from pot
redwoco: doesn't show hand 
*** SUMMARY ***
Total pot €0.10 | Rake €0 
Seat 1: LeX_SM21 (button) folded before Flop (didn't bet)
Seat 2: redwoco (small blind) collected (€0.10)
Seat 3: pipinoelbreve9 (big blind) folded before Flop
Seat 4: Angelfs7 folded before Flop (didn't bet)
Seat 5: Sophistês folded before Flop (didn't bet)
Seat 6: Paparrota folded before Flop (didn't bet)



PokerStars Zoom Hand #259513223366:  Hold'em No Limit (€0.02/€0.05) - 2026/01/29 22:22:25 CET [2026/01/29 16:22:25 ET]
Table 'Asterope' 6-max Seat #1 is the button
Seat 1: angelazga (€1.11 in chips) 
Seat 2: Dovene11 (€5.64 in chips) 
Seat 3: Aztamuka (€4.48 in chips) 
Seat 4: EronMobius (€5.82 in chips) 
Seat 5: pipinoelbreve9 (€5.06 in chips) 
Seat 6: Jmmz87 (€6.85 in chips) 
Dovene11: posts small blind €0.02
Aztamuka: posts big blind €0.05
*** HOLE CARDS ***
Dealt to pipinoelbreve9 [3s 8h]
EronMobius: folds 
pipinoelbreve9: folds 
Jmmz87: folds 
angelazga: folds 
Dovene11: raises €0.10 to €0.15
Aztamuka: calls €0.10
*** FLOP *** [3c As Jc]
Dovene11: bets €0.08
Aztamuka: calls €0.08
*** TURN *** [3c As Jc] [Js]
Dovene11: checks 
Aztamuka: bets €0.15
Dovene11: folds 
Uncalled bet (€0.15) returned to Aztamuka
Aztamuka collected €0.44 from pot
Aztamuka: doesn't show hand 
*** SUMMARY ***
Total pot €0.46 | Rake €0.02 
Board [3c As Jc Js]
Seat 1: angelazga (button) folded before Flop (didn't bet)
Seat 2: Dovene11 (small blind) folded on the Turn
Seat 3: Aztamuka (big blind) collected (€0.44)
Seat 4: EronMobius folded before Flop (didn't bet)
Seat 5: pipinoelbreve9 folded before Flop (didn't bet)
Seat 6: Jmmz87 folded before Flop (didn't bet)



PokerStars Zoom Hand #259513226391:  Hold'em No Limit (€0.02/€0.05) - 2026/01/29 22:22:37 CET [2026/01/29 16:22:37 ET]
Table 'Asterope' 6-max Seat #1 is the button
Seat 1: Jmmz87 (€6.85 in chips) 
Seat 2: chulinho10 (€5.20 in chips) 
Seat 3: onlinetuga (€12.54 in chips) 
Seat 4: Crossnar (€5.38 in chips) 
Seat 5: Xaperegui8 (€7.78 in chips) 
Seat 6: pipinoelbreve9 (€5.06 in chips) 
chulinho10: posts small blind €0.02
onlinetuga: posts big blind €0.05
*** HOLE CARDS ***
Dealt to pipinoelbreve9 [Kh Th]
Crossnar: folds 
Xaperegui8: folds 
pipinoelbreve9: raises €0.07 to €0.12
Jmmz87: raises €0.25 to €0.37
chulinho10: folds 
onlinetuga: folds 
pipinoelbreve9: folds 
Uncalled bet (€0.25) returned to Jmmz87
Jmmz87 collected €0.31 from pot
Jmmz87: doesn't show hand 
*** SUMMARY ***
Total pot €0.31 | Rake €0 
Seat 1: Jmmz87 (button) collected (€0.31)
Seat 2: chulinho10 (small blind) folded before Flop
Seat 3: onlinetuga (big blind) folded before Flop
Seat 4: Crossnar folded before Flop (didn't bet)
Seat 5: Xaperegui8 folded before Flop (didn't bet)
Seat 6: pipinoelbreve9 folded before Flop



PokerStars Zoom Hand #259513221697:  Hold'em No Limit (€0.02/€0.05) - 2026/01/29 22:22:19 CET [2026/01/29 16:22:19 ET]
Table 'Asterope' 6-max Seat #1 is the button
Seat 1: Intraneon (€9.26 in chips) 
Seat 2: pipinoelbreve9 (€5.08 in chips) 
Seat 3: Baumito (€8.14 in chips) 
Seat 4: GBEMEMORY42 (€17.39 in chips) 
Seat 5: najas88 (€5.56 in chips) 
Seat 6: chulinho10 (€5.13 in chips) 
pipinoelbreve9: posts small blind €0.02
Baumito: posts big blind €0.05
*** HOLE CARDS ***
Dealt to pipinoelbreve9 [8d Qh]
GBEMEMORY42: folds 
najas88: raises €0.05 to €0.10
chulinho10: folds 
Intraneon: folds 
pipinoelbreve9: folds 
Baumito: calls €0.05
*** FLOP *** [3h Qd 9d]
Baumito: checks 
najas88: checks 
*** TURN *** [3h Qd 9d] [Ad]
Baumito: checks 
najas88: bets €0.11
Baumito: folds 
Uncalled bet (€0.11) returned to najas88
najas88 collected €0.21 from pot
najas88: doesn't show hand 
*** SUMMARY ***
Total pot €0.22 | Rake €0.01 
Board [3h Qd 9d Ad]
Seat 1: Intraneon (button) folded before Flop (didn't bet)
Seat 2: pipinoelbreve9 (small blind) folded before Flop
Seat 3: Baumito (big blind) folded on the Turn
Seat 4: GBEMEMORY42 folded before Flop (didn't bet)
Seat 5: najas88 collected (€0.21)
Seat 6: chulinho10 folded before Flop (didn't bet)



PokerStars Zoom Hand #259513232843:  Hold'em No Limit (€0.02/€0.05) - 2026/01/29 22:23:02 CET [2026/01/29 16:23:02 ET]
Table 'Asterope' 6-max Seat #1 is the button
Seat 1: pipinoelbreve9 (€5 in chips) 
Seat 2: nellussus (€5 in chips) 
Seat 3: aaboga (€4.59 in chips) 
Seat 4: ese lines (€7.47 in chips) 
Seat 5: kokks2 (€5.46 in chips) 
Seat 6: redwoco (€2 in chips) 
nellussus: posts small blind €0.02
aaboga: posts big blind €0.05
*** HOLE CARDS ***
Dealt to pipinoelbreve9 [3h Ah]
ese lines: raises €0.05 to €0.10
kokks2: folds 
redwoco: folds 
pipinoelbreve9: raises €0.15 to €0.25
nellussus: folds 
aaboga: folds 
ese lines: calls €0.15
*** FLOP *** [6s 9c 4d]
ese lines: checks 
pipinoelbreve9: bets €0.18
ese lines: calls €0.18
*** TURN *** [6s 9c 4d] [3d]
ese lines: checks 
pipinoelbreve9: checks 
*** RIVER *** [6s 9c 4d 3d] [9d]
ese lines: checks 
pipinoelbreve9: checks 
*** SHOW DOWN ***
ese lines: shows [As Td] (a pair of Nines)
pipinoelbreve9: shows [3h Ah] (two pair, Nines and Threes)
pipinoelbreve9 collected €0.88 from pot
*** SUMMARY ***
Total pot €0.93 | Rake €0.05 
Board [6s 9c 4d 3d 9d]
Seat 1: pipinoelbreve9 (button) showed [3h Ah] and won (€0.88) with two pair, Nines and Threes
Seat 2: nellussus (small blind) folded before Flop
Seat 3: aaboga (big blind) folded before Flop
Seat 4: ese lines showed [As Td] and lost with a pair of Nines
Seat 5: kokks2 folded before Flop (didn't bet)
Seat 6: redwoco folded before Flop (didn't bet)



PokerStars Zoom Hand #259513242459:  Hold'em No Limit (€0.02/€0.05) - 2026/01/29 22:23:40 CET [2026/01/29 16:23:40 ET]
Table 'Asterope' 6-max Seat #1 is the button
Seat 1: Bertinho Gil (€5 in chips) 
Seat 2: yogo0707 (€5.70 in chips) 
Seat 3: pipinoelbreve9 (€5.45 in chips) 
Seat 4: LeX_SM21 (€2.06 in chips) 
Seat 5: Angelfs7 (€5.07 in chips) 
Seat 6: NamekWar (€5.56 in chips) 
yogo0707: posts small blind €0.02
pipinoelbreve9: posts big blind €0.05
*** HOLE CARDS ***
Dealt to pipinoelbreve9 [8c Ah]
LeX_SM21: folds 
Angelfs7: folds 
NamekWar: raises €0.12 to €0.17
Bertinho Gil: folds 
yogo0707: folds 
pipinoelbreve9: calls €0.12
*** FLOP *** [3s 6s 4h]
pipinoelbreve9: checks 
NamekWar: bets €0.34
pipinoelbreve9: folds 
Uncalled bet (€0.34) returned to NamekWar
NamekWar collected €0.34 from pot
NamekWar: doesn't show hand 
*** SUMMARY ***
Total pot €0.36 | Rake €0.02 
Board [3s 6s 4h]
Seat 1: Bertinho Gil (button) folded before Flop (didn't bet)
Seat 2: yogo0707 (small blind) folded before Flop
Seat 3: pipinoelbreve9 (big blind) folded on the Flop
Seat 4: LeX_SM21 folded before Flop (didn't bet)
Seat 5: Angelfs7 folded before Flop (didn't bet)
Seat 6: NamekWar collected (€0.34)



PokerStars Zoom Hand #259513250364:  Hold'em No Limit (€0.02/€0.05) - 2026/01/29 22:24:11 CET [2026/01/29 16:24:11 ET]
Table 'Asterope' 6-max Seat #1 is the button
Seat 1: vayewis (€5 in chips) 
Seat 2: Dovene11 (€5.60 in chips) 
Seat 3: Crossnar (€14.47 in chips) 
Seat 4: pipinoelbreve9 (€5.28 in chips) 
Seat 5: NIHHIL0 (€14.52 in chips) 
Seat 6: emdeusuneuro (€2.08 in chips) 
Dovene11: posts small blind €0.02
Crossnar: posts big blind €0.05
*** HOLE CARDS ***
Dealt to pipinoelbreve9 [8h 5s]
pipinoelbreve9: folds 
NIHHIL0: raises €0.07 to €0.12
emdeusuneuro: folds 
vayewis: folds 
Dovene11: folds 
Crossnar: folds 
Uncalled bet (€0.07) returned to NIHHIL0
NIHHIL0 collected €0.12 from pot
NIHHIL0: doesn't show hand 
*** SUMMARY ***
Total pot €0.12 | Rake €0 
Seat 1: vayewis (button) folded before Flop (didn't bet)
Seat 2: Dovene11 (small blind) folded before Flop
Seat 3: Crossnar (big blind) folded before Flop
Seat 4: pipinoelbreve9 folded before Flop (didn't bet)
Seat 5: NIHHIL0 collected (€0.12)
Seat 6: emdeusuneuro folded before Flop (didn't bet)



PokerStars Zoom Hand #259513253648:  Hold'em No Limit (€0.02/€0.05) - 2026/01/29 22:24:24 CET [2026/01/29 16:24:24 ET]
Table 'Asterope' 6-max Seat #1 is the button
Seat 1: Jumby34 (€6.13 in chips) 
Seat 2: pipinoelbreve9 (€5.28 in chips) 
Seat 3: jepad62 (€2.03 in chips) 
Seat 4: bufu92 (€5.23 in chips) 
Seat 5: chulinho10 (€5.93 in chips) 
Seat 6: Sophistês (€8.89 in chips) 
pipinoelbreve9: posts small blind €0.02
jepad62: posts big blind €0.05
*** HOLE CARDS ***
Dealt to pipinoelbreve9 [4h Ad]
bufu92: folds 
chulinho10: folds 
Sophistês: folds 
Jumby34: raises €0.10 to €0.15
pipinoelbreve9: folds 
jepad62: folds 
Uncalled bet (€0.10) returned to Jumby34
Jumby34 collected €0.12 from pot
Jumby34: doesn't show hand 
*** SUMMARY ***
Total pot €0.12 | Rake €0 
Seat 1: Jumby34 (button) collected (€0.12)
Seat 2: pipinoelbreve9 (small blind) folded before Flop
Seat 3: jepad62 (big blind) folded before Flop
Seat 4: bufu92 folded before Flop (didn't bet)
Seat 5: chulinho10 folded before Flop (didn't bet)
Seat 6: Sophistês folded before Flop (didn't bet)



PokerStars Zoom Hand #259513249022:  Hold'em No Limit (€0.02/€0.05) - 2026/01/29 22:24:06 CET [2026/01/29 16:24:06 ET]
Table 'Asterope' 6-max Seat #1 is the button
Seat 1: Guiyerbajo (€1.81 in chips) 
Seat 2: Crossnar (€14.49 in chips) 
Seat 3: technoboy72 (€10.05 in chips) 
Seat 4: heldrmota (€4.65 in chips) 
Seat 5: pipinoelbreve9 (€5.28 in chips) 
Seat 6: KingstaS13 (€5.31 in chips) 
Crossnar: posts small blind €0.02
technoboy72: posts big blind €0.05
*** HOLE CARDS ***
Dealt to pipinoelbreve9 [9s 2h]
heldrmota: raises €0.12 to €0.17
pipinoelbreve9: folds 
KingstaS13: calls €0.17
Guiyerbajo: calls €0.17
Crossnar: folds 
technoboy72: calls €0.12
*** FLOP *** [8d 6d Qh]
technoboy72: checks 
heldrmota: checks 
KingstaS13: checks 
Guiyerbajo: checks 
*** TURN *** [8d 6d Qh] [7s]
technoboy72: checks 
heldrmota: bets €0.33
KingstaS13: calls €0.33
Guiyerbajo: calls €0.33
technoboy72: folds 
*** RIVER *** [8d 6d Qh 7s] [8s]
heldrmota: bets €0.81
KingstaS13: folds 
Guiyerbajo: folds 
Uncalled bet (€0.81) returned to heldrmota
heldrmota collected €1.61 from pot
heldrmota: doesn't show hand 
*** SUMMARY ***
Total pot €1.69 | Rake €0.08 
Board [8d 6d Qh 7s 8s]
Seat 1: Guiyerbajo (button) folded on the River
Seat 2: Crossnar (small blind) folded before Flop
Seat 3: technoboy72 (big blind) folded on the Turn
Seat 4: heldrmota collected (€1.61)
Seat 5: pipinoelbreve9 folded before Flop (didn't bet)
Seat 6: KingstaS13 folded on the River



PokerStars Zoom Hand #259513262994:  Hold'em No Limit (€0.02/€0.05) - 2026/01/29 22:25:00 CET [2026/01/29 16:25:00 ET]
Table 'Asterope' 6-max Seat #1 is the button
Seat 1: redwoco (€3.30 in chips) 
Seat 2: Sophistês (€5.21 in chips) 
Seat 3: pipinoelbreve9 (€5.26 in chips) 
Seat 4: Xoseanro510 (€7.46 in chips) 
Seat 5: titipro1905 (€5.26 in chips) 
Seat 6: yogo0707 (€5.20 in chips) 
Sophistês: posts small blind €0.02
pipinoelbreve9: posts big blind €0.05
*** HOLE CARDS ***
Dealt to pipinoelbreve9 [Kh 2d]
Xoseanro510: folds 
titipro1905: folds 
yogo0707: folds 
redwoco: folds 
Sophistês: folds 
Uncalled bet (€0.03) returned to pipinoelbreve9
pipinoelbreve9 collected €0.04 from pot
pipinoelbreve9: doesn't show hand 
*** SUMMARY ***
Total pot €0.04 | Rake €0 
Seat 1: redwoco (button) folded before Flop (didn't bet)
Seat 2: Sophistês (small blind) folded before Flop
Seat 3: pipinoelbreve9 (big blind) collected (€0.04)
Seat 4: Xoseanro510 folded before Flop (didn't bet)
Seat 5: titipro1905 folded before Flop (didn't bet)
Seat 6: yogo0707 folded before Flop (didn't bet)



PokerStars Zoom Hand #259513260515:  Hold'em No Limit (€0.02/€0.05) - 2026/01/29 22:24:51 CET [2026/01/29 16:24:51 ET]
Table 'Asterope' 6-max Seat #1 is the button
Seat 1: pipinoelbreve9 (€5.26 in chips) 
Seat 2: redwoco (€3.32 in chips) 
Seat 3: NIHHIL0 (€6.21 in chips) 
Seat 4: el_heniek (€6.82 in chips) 
Seat 5: Brais Noron (€5 in chips) 
Seat 6: Jumby34 (€5 in chips) 
redwoco: posts small blind €0.02
NIHHIL0: posts big blind €0.05
*** HOLE CARDS ***
Dealt to pipinoelbreve9 [5d 6s]
el_heniek: raises €0.10 to €0.15
Brais Noron: folds 
Jumby34: folds 
pipinoelbreve9: folds 
redwoco: folds 
NIHHIL0: calls €0.10
*** FLOP *** [7h 9s 7s]
NIHHIL0: checks 
el_heniek: checks 
*** TURN *** [7h 9s 7s] [7c]
NIHHIL0: checks 
el_heniek: checks 
*** RIVER *** [7h 9s 7s 7c] [5h]
NIHHIL0: checks 
el_heniek: checks 
*** SHOW DOWN ***
NIHHIL0: shows [Ts Jh] (three of a kind, Sevens)
el_heniek: shows [Tc Kc] (three of a kind, Sevens - King kicker)
el_heniek collected €0.30 from pot
*** SUMMARY ***
Total pot €0.32 | Rake €0.02 
Board [7h 9s 7s 7c 5h]
Seat 1: pipinoelbreve9 (button) folded before Flop (didn't bet)
Seat 2: redwoco (small blind) folded before Flop
Seat 3: NIHHIL0 (big blind) showed [Ts Jh] and lost with three of a kind, Sevens
Seat 4: el_heniek showed [Tc Kc] and won (€0.30) with three of a kind, Sevens
Seat 5: Brais Noron folded before Flop (didn't bet)
Seat 6: Jumby34 folded before Flop (didn't bet)



PokerStars Zoom Hand #259513261244:  Hold'em No Limit (€0.02/€0.05) - 2026/01/29 22:24:54 CET [2026/01/29 16:24:54 ET]
Table 'Asterope' 6-max Seat #1 is the button
Seat 1: lobitillo (€5 in chips) 
Seat 2: bufu92 (€5.23 in chips) 
Seat 3: ivansalgueiro (€4.08 in chips) 
Seat 4: najas88 (€6.27 in chips) 
Seat 5: Crossnar (€14.42 in chips) 
Seat 6: pipinoelbreve9 (€5.26 in chips) 
bufu92: posts small blind €0.02
ivansalgueiro: posts big blind €0.05
*** HOLE CARDS ***
Dealt to pipinoelbreve9 [Qh 6s]
najas88: folds 
Crossnar: folds 
pipinoelbreve9: folds 
lobitillo: raises €0.09 to €0.14
bufu92: calls €0.12
ivansalgueiro: folds 
*** FLOP *** [Kd 2s Ah]
bufu92: checks 
lobitillo: bets €0.12
bufu92: calls €0.12
*** TURN *** [Kd 2s Ah] [9c]
bufu92: checks 
lobitillo: checks 
*** RIVER *** [Kd 2s Ah 9c] [6d]
bufu92: bets €0.21
lobitillo: folds 
Uncalled bet (€0.21) returned to bufu92
bufu92 collected €0.54 from pot
bufu92: doesn't show hand 
*** SUMMARY ***
Total pot €0.57 | Rake €0.03 
Board [Kd 2s Ah 9c 6d]
Seat 1: lobitillo (button) folded on the River
Seat 2: bufu92 (small blind) collected (€0.54)
Seat 3: ivansalgueiro (big blind) folded before Flop
Seat 4: najas88 folded before Flop (didn't bet)
Seat 5: Crossnar folded before Flop (didn't bet)
Seat 6: pipinoelbreve9 folded before Flop (didn't bet)



PokerStars Zoom Hand #259513267449:  Hold'em No Limit (€0.02/€0.05) - 2026/01/29 22:25:18 CET [2026/01/29 16:25:18 ET]
Table 'Asterope' 6-max Seat #1 is the button
Seat 1: redwoco (€2.10 in chips) 
Seat 2: Elrubik09 (€4.82 in chips) 
Seat 3: Noray123 (€5 in chips) 
Seat 4: Angelfs7 (€11.36 in chips) 
Seat 5: pipinoelbreve9 (€5.28 in chips) 
Seat 6: saint-imier (€5.86 in chips) 
Elrubik09: posts small blind €0.02
Noray123: posts big blind €0.05
*** HOLE CARDS ***
Dealt to pipinoelbreve9 [Td 6d]
Angelfs7: folds 
pipinoelbreve9: folds 
saint-imier: folds 
redwoco: folds 
Elrubik09: folds 
Uncalled bet (€0.03) returned to Noray123
Noray123 collected €0.04 from pot
Noray123: doesn't show hand 
*** SUMMARY ***
Total pot €0.04 | Rake €0 
Seat 1: redwoco (button) folded before Flop (didn't bet)
Seat 2: Elrubik09 (small blind) folded before Flop
Seat 3: Noray123 (big blind) collected (€0.04)
Seat 4: Angelfs7 folded before Flop (didn't bet)
Seat 5: pipinoelbreve9 folded before Flop (didn't bet)
Seat 6: saint-imier folded before Flop (didn't bet)



PokerStars Zoom Hand #259513252073:  Hold'em No Limit (€0.02/€0.05) - 2026/01/29 22:24:18 CET [2026/01/29 16:24:18 ET]
Table 'Asterope' 6-max Seat #1 is the button
Seat 1: Xoseanro510 (€7.51 in chips) 
Seat 2: Nipoquel (€6.82 in chips) 
Seat 3: PerraTragas (€11.21 in chips) 
Seat 4: pipinoelbreve9 (€5.28 in chips) 
Seat 5: pokerikb (€4.62 in chips) 
Seat 6: olijmandrea (€8.03 in chips) 
Nipoquel: posts small blind €0.02
PerraTragas: posts big blind €0.05
*** HOLE CARDS ***
Dealt to pipinoelbreve9 [7c 8h]
pipinoelbreve9: folds 
pokerikb: raises €0.05 to €0.10
olijmandrea: calls €0.10
Xoseanro510: folds 
Nipoquel: folds 
PerraTragas: folds 
*** FLOP *** [Kc Jd Qc]
pokerikb: bets €0.09
olijmandrea: calls €0.09
*** TURN *** [Kc Jd Qc] [9c]
pokerikb: bets €0.14
olijmandrea: calls €0.14
*** RIVER *** [Kc Jd Qc 9c] [3d]
pokerikb: bets €0.23
olijmandrea: raises €0.77 to €1
pokerikb: calls €0.77
*** SHOW DOWN ***
olijmandrea: shows [Ac 6c] (a flush, Ace high)
pokerikb: mucks hand 
olijmandrea collected €2.59 from pot
*** SUMMARY ***
Total pot €2.73 | Rake €0.14 
Board [Kc Jd Qc 9c 3d]
Seat 1: Xoseanro510 (button) folded before Flop (didn't bet)
Seat 2: Nipoquel (small blind) folded before Flop
Seat 3: PerraTragas (big blind) folded before Flop
Seat 4: pipinoelbreve9 folded before Flop (didn't bet)
Seat 5: pokerikb mucked [Kh Qs]
Seat 6: olijmandrea showed [Ac 6c] and won (€2.59) with a flush, Ace high



PokerStars Zoom Hand #259513268653:  Hold'em No Limit (€0.02/€0.05) - 2026/01/29 22:25:23 CET [2026/01/29 16:25:23 ET]
Table 'Asterope' 6-max Seat #1 is the button
Seat 1: najas88 (€5.40 in chips) 
Seat 2: pipinoelbreve9 (€5.28 in chips) 
Seat 3: Nipoquel (€6.33 in chips) 
Seat 4: Sophistês (€8.89 in chips) 
Seat 5: Intraneon (€5 in chips) 
Seat 6: Xoseanro510 (€7.44 in chips) 
pipinoelbreve9: posts small blind €0.02
Nipoquel: posts big blind €0.05
*** HOLE CARDS ***
Dealt to pipinoelbreve9 [3s 4s]
Sophistês: folds 
Intraneon: folds 
Xoseanro510: raises €0.10 to €0.15
najas88: folds 
pipinoelbreve9: folds 
Nipoquel: folds 
Uncalled bet (€0.10) returned to Xoseanro510
Xoseanro510 collected €0.12 from pot
Xoseanro510: doesn't show hand 
*** SUMMARY ***
Total pot €0.12 | Rake €0 
Seat 1: najas88 (button) folded before Flop (didn't bet)
Seat 2: pipinoelbreve9 (small blind) folded before Flop
Seat 3: Nipoquel (big blind) folded before Flop
Seat 4: Sophistês folded before Flop (didn't bet)
Seat 5: Intraneon folded before Flop (didn't bet)
Seat 6: Xoseanro510 collected (€0.12)



PokerStars Zoom Hand #259513266104:  Hold'em No Limit (€0.02/€0.05) - 2026/01/29 22:25:13 CET [2026/01/29 16:25:13 ET]
Table 'Asterope' 6-max Seat #1 is the button
Seat 1: EronMobius (€5.58 in chips) 
Seat 2: kaiserr_sose (€5 in chips) 
Seat 3: Jumby34 (€6.20 in chips) 
Seat 4: heldrmota (€5.76 in chips) 
Seat 5: GBEMEMORY42 (€17.34 in chips) 
Seat 6: pipinoelbreve9 (€5.28 in chips) 
kaiserr_sose: posts small blind €0.02
Jumby34: posts big blind €0.05
*** HOLE CARDS ***
Dealt to pipinoelbreve9 [7c Ad]
heldrmota: folds 
GBEMEMORY42: folds 
pipinoelbreve9: folds 
EronMobius: folds 
kaiserr_sose: raises €0.10 to €0.15
Jumby34: raises €0.30 to €0.45
kaiserr_sose: calls €0.30
*** FLOP *** [5h 8d Jd]
kaiserr_sose: checks 
Jumby34: checks 
*** TURN *** [5h 8d Jd] [Qs]
kaiserr_sose: checks 
Jumby34: checks 
*** RIVER *** [5h 8d Jd Qs] [6c]
kaiserr_sose: bets €0.38
Jumby34: folds 
Uncalled bet (€0.38) returned to kaiserr_sose
kaiserr_sose collected €0.86 from pot
kaiserr_sose: doesn't show hand 
*** SUMMARY ***
Total pot €0.90 | Rake €0.04 
Board [5h 8d Jd Qs 6c]
Seat 1: EronMobius (button) folded before Flop (didn't bet)
Seat 2: kaiserr_sose (small blind) collected (€0.86)
Seat 3: Jumby34 (big blind) folded on the River
Seat 4: heldrmota folded before Flop (didn't bet)
Seat 5: GBEMEMORY42 folded before Flop (didn't bet)
Seat 6: pipinoelbreve9 folded before Flop (didn't bet)



PokerStars Zoom Hand #259513278553:  Hold'em No Limit (€0.02/€0.05) - 2026/01/29 22:26:01 CET [2026/01/29 16:26:01 ET]
Table 'Asterope' 6-max Seat #1 is the button
Seat 1: pipinoelbreve9 (€5.26 in chips) 
Seat 2: Crossnar (€5.45 in chips) 
Seat 3: Nimed (€10.90 in chips) 
Seat 4: elis4ever (€2 in chips) 
Seat 5: Angelfs7 (€5.52 in chips) 
Seat 6: gcooper30 (€7.27 in chips) 
Crossnar: posts small blind €0.02
Nimed: posts big blind €0.05
*** HOLE CARDS ***
Dealt to pipinoelbreve9 [9s 7s]
elis4ever: folds 
Angelfs7: folds 
gcooper30: folds 
pipinoelbreve9: raises €0.07 to €0.12
Crossnar: calls €0.10
Nimed: folds 
*** FLOP *** [Jh Td 2h]
Crossnar: checks 
pipinoelbreve9: bets €0.14
Crossnar: folds 
Uncalled bet (€0.14) returned to pipinoelbreve9
pipinoelbreve9 collected €0.28 from pot
pipinoelbreve9: doesn't show hand 
*** SUMMARY ***
Total pot €0.29 | Rake €0.01 
Board [Jh Td 2h]
Seat 1: pipinoelbreve9 (button) collected (€0.28)
Seat 2: Crossnar (small blind) folded on the Flop
Seat 3: Nimed (big blind) folded before Flop
Seat 4: elis4ever folded before Flop (didn't bet)
Seat 5: Angelfs7 folded before Flop (didn't bet)
Seat 6: gcooper30 folded before Flop (didn't bet)



PokerStars Zoom Hand #259513286556:  Hold'em No Limit (€0.02/€0.05) - 2026/01/29 22:26:33 CET [2026/01/29 16:26:33 ET]
Table 'Asterope' 6-max Seat #1 is the button
Seat 1: GBEMEMORY42 (€17.23 in chips) 
Seat 2: kaiserr_sose (€5.41 in chips) 
Seat 3: martingebar (€7.12 in chips) 
Seat 4: pipinoelbreve9 (€5.42 in chips) 
Seat 5: disears (€2.17 in chips) 
Seat 6: Bertinho Gil (€5.02 in chips) 
kaiserr_sose: posts small blind €0.02
martingebar: posts big blind €0.05
*** HOLE CARDS ***
Dealt to pipinoelbreve9 [Kd Th]
pipinoelbreve9: folds 
disears: raises €0.05 to €0.10
Bertinho Gil: folds 
GBEMEMORY42: folds 
kaiserr_sose: folds 
martingebar: folds 
Uncalled bet (€0.05) returned to disears
disears collected €0.12 from pot
disears: doesn't show hand 
*** SUMMARY ***
Total pot €0.12 | Rake €0 
Seat 1: GBEMEMORY42 (button) folded before Flop (didn't bet)
Seat 2: kaiserr_sose (small blind) folded before Flop
Seat 3: martingebar (big blind) folded before Flop
Seat 4: pipinoelbreve9 folded before Flop (didn't bet)
Seat 5: disears collected (€0.12)
Seat 6: Bertinho Gil folded before Flop (didn't bet)



PokerStars Zoom Hand #259513288145:  Hold'em No Limit (€0.02/€0.05) - 2026/01/29 22:26:39 CET [2026/01/29 16:26:39 ET]
Table 'Asterope' 6-max Seat #1 is the button
Seat 1: Leizoo (€11.92 in chips) 
Seat 2: GBEMEMORY42 (€17.23 in chips) 
Seat 3: Baumito (€7.20 in chips) 
Seat 4: pipinoelbreve9 (€5.42 in chips) 
Seat 5: angelazga (€0.36 in chips) 
Seat 6: Intraneon (€9.01 in chips) 
GBEMEMORY42: posts small blind €0.02
Baumito: posts big blind €0.05
*** HOLE CARDS ***
Dealt to pipinoelbreve9 [7s 3h]
pipinoelbreve9: folds 
angelazga: calls €0.05
Intraneon: folds 
Leizoo: calls €0.05
GBEMEMORY42: calls €0.03
Baumito: checks 
*** FLOP *** [8h 6s 7d]
GBEMEMORY42: checks 
Baumito: bets €0.10
angelazga: folds 
Leizoo: calls €0.10
GBEMEMORY42: folds 
*** TURN *** [8h 6s 7d] [Qc]
Baumito: checks 
Leizoo: bets €0.38
Baumito: folds 
Uncalled bet (€0.38) returned to Leizoo
Leizoo collected €0.38 from pot
Leizoo: doesn't show hand 
*** SUMMARY ***
Total pot €0.40 | Rake €0.02 
Board [8h 6s 7d Qc]
Seat 1: Leizoo (button) collected (€0.38)
Seat 2: GBEMEMORY42 (small blind) folded on the Flop
Seat 3: Baumito (big blind) folded on the Turn
Seat 4: pipinoelbreve9 folded before Flop (didn't bet)
Seat 5: angelazga folded on the Flop
Seat 6: Intraneon folded before Flop (didn't bet)



PokerStars Zoom Hand #259513288795:  Hold'em No Limit (€0.02/€0.05) - 2026/01/29 22:26:41 CET [2026/01/29 16:26:41 ET]
Table 'Asterope' 6-max Seat #1 is the button
Seat 1: evmiso (€4.95 in chips) 
Seat 2: technoboy72 (€9.92 in chips) 
Seat 3: pipinoelbreve9 (€5.42 in chips) 
Seat 4: LEXTORMUR (€4.20 in chips) 
Seat 5: el_heniek (€6.90 in chips) 
Seat 6: menkhere (€3.97 in chips) 
technoboy72: posts small blind €0.02
pipinoelbreve9: posts big blind €0.05
*** HOLE CARDS ***
Dealt to pipinoelbreve9 [6h Kh]
LEXTORMUR: folds 
el_heniek: raises €0.10 to €0.15
menkhere: calls €0.15
evmiso: folds 
technoboy72: folds 
pipinoelbreve9: calls €0.10
*** FLOP *** [Ah 6c 8c]
pipinoelbreve9: checks 
el_heniek: checks 
menkhere: checks 
*** TURN *** [Ah 6c 8c] [Qc]
pipinoelbreve9: checks 
el_heniek: checks 
menkhere: bets €0.23
pipinoelbreve9: folds 
el_heniek: folds 
Uncalled bet (€0.23) returned to menkhere
menkhere collected €0.45 from pot
menkhere: doesn't show hand 
*** SUMMARY ***
Total pot €0.47 | Rake €0.02 
Board [Ah 6c 8c Qc]
Seat 1: evmiso (button) folded before Flop (didn't bet)
Seat 2: technoboy72 (small blind) folded before Flop
Seat 3: pipinoelbreve9 (big blind) folded on the Turn
Seat 4: LEXTORMUR folded before Flop (didn't bet)
Seat 5: el_heniek folded on the Turn
Seat 6: menkhere collected (€0.45)



PokerStars Zoom Hand #259513300007:  Hold'em No Limit (€0.02/€0.05) - 2026/01/29 22:27:25 CET [2026/01/29 16:27:25 ET]
Table 'Asterope' 6-max Seat #1 is the button
Seat 1: redwoco (€2 in chips) 
Seat 2: prouchte (€7.13 in chips) 
Seat 3: redoutable9367 (€17.06 in chips) 
Seat 4: NIHHIL0 (€6.46 in chips) 
Seat 5: pipinoelbreve9 (€5.27 in chips) 
Seat 6: Aztamuka (€7.99 in chips) 
prouchte: posts small blind €0.02
redoutable9367: posts big blind €0.05
*** HOLE CARDS ***
Dealt to pipinoelbreve9 [4d Ad]
NIHHIL0: folds 
pipinoelbreve9: raises €0.07 to €0.12
Aztamuka: folds 
redwoco: folds 
prouchte: folds 
redoutable9367: calls €0.07
*** FLOP *** [2s Jh 9h]
redoutable9367: bets €0.13
pipinoelbreve9: folds 
Uncalled bet (€0.13) returned to redoutable9367
redoutable9367 collected €0.25 from pot
redoutable9367: doesn't show hand 
*** SUMMARY ***
Total pot €0.26 | Rake €0.01 
Board [2s Jh 9h]
Seat 1: redwoco (button) folded before Flop (didn't bet)
Seat 2: prouchte (small blind) folded before Flop
Seat 3: redoutable9367 (big blind) collected (€0.25)
Seat 4: NIHHIL0 folded before Flop (didn't bet)
Seat 5: pipinoelbreve9 folded on the Flop
Seat 6: Aztamuka folded before Flop (didn't bet)



PokerStars Zoom Hand #259513299184:  Hold'em No Limit (€0.02/€0.05) - 2026/01/29 22:27:22 CET [2026/01/29 16:27:22 ET]
Table 'Asterope' 6-max Seat #1 is the button
Seat 1: Angelfs7 (€11.40 in chips) 
Seat 2: Dovene11 (€5.46 in chips) 
Seat 3: kokks2 (€5.80 in chips) 
Seat 4: NEIG (€3.98 in chips) 
Seat 5: pipinoelbreve9 (€5.27 in chips) 
Seat 6: crevi_066 (€5.20 in chips) 
Dovene11: posts small blind €0.02
kokks2: posts big blind €0.05
*** HOLE CARDS ***
Dealt to pipinoelbreve9 [7s 5d]
NEIG: folds 
pipinoelbreve9: folds 
crevi_066: folds 
Angelfs7: raises €0.10 to €0.15
Dovene11: folds 
kokks2: folds 
Uncalled bet (€0.10) returned to Angelfs7
Angelfs7 collected €0.12 from pot
Angelfs7: doesn't show hand 
*** SUMMARY ***
Total pot €0.12 | Rake €0 
Seat 1: Angelfs7 (button) collected (€0.12)
Seat 2: Dovene11 (small blind) folded before Flop
Seat 3: kokks2 (big blind) folded before Flop
Seat 4: NEIG folded before Flop (didn't bet)
Seat 5: pipinoelbreve9 folded before Flop (didn't bet)
Seat 6: crevi_066 folded before Flop (didn't bet)



PokerStars Zoom Hand #259513304493:  Hold'em No Limit (€0.02/€0.05) - 2026/01/29 22:27:43 CET [2026/01/29 16:27:43 ET]
Table 'Asterope' 6-max Seat #1 is the button
Seat 1: TheodorLo (€2.08 in chips) 
Seat 2: pipinoelbreve9 (€5.15 in chips) 
Seat 3: Crossnar (€5.07 in chips) 
Seat 4: PauloATDias (€8.24 in chips) 
Seat 5: Dovene11 (€5.44 in chips) 
Seat 6: kokks2 (€5.75 in chips) 
pipinoelbreve9: posts small blind €0.02
Crossnar: posts big blind €0.05
*** HOLE CARDS ***
Dealt to pipinoelbreve9 [As Jd]
PauloATDias: folds 
Dovene11: folds 
kokks2: folds 
TheodorLo: folds 
pipinoelbreve9: raises €0.07 to €0.12
Crossnar: calls €0.07
*** FLOP *** [Qd 8d 6s]
pipinoelbreve9: bets €0.08
Crossnar: calls €0.08
*** TURN *** [Qd 8d 6s] [5h]
pipinoelbreve9: bets €0.25
Crossnar: calls €0.25
*** RIVER *** [Qd 8d 6s 5h] [Jh]
pipinoelbreve9: bets €0.85
Crossnar: calls €0.85
*** SHOW DOWN ***
pipinoelbreve9: shows [As Jd] (a pair of Jacks)
Crossnar: shows [5d 6h] (two pair, Sixes and Fives)
Crossnar collected €2.47 from pot
*** SUMMARY ***
Total pot €2.60 | Rake €0.13 
Board [Qd 8d 6s 5h Jh]
Seat 1: TheodorLo (button) folded before Flop (didn't bet)
Seat 2: pipinoelbreve9 (small blind) showed [As Jd] and lost with a pair of Jacks
Seat 3: Crossnar (big blind) showed [5d 6h] and won (€2.47) with two pair, Sixes and Fives
Seat 4: PauloATDias folded before Flop (didn't bet)
Seat 5: Dovene11 folded before Flop (didn't bet)
Seat 6: kokks2 folded before Flop (didn't bet)



PokerStars Zoom Hand #259513320293:  Hold'em No Limit (€0.02/€0.05) - 2026/01/29 22:28:45 CET [2026/01/29 16:28:45 ET]
Table 'Asterope' 6-max Seat #1 is the button
Seat 1: fernando3768 (€8.26 in chips) 
Seat 2: najas88 (€4.45 in chips) 
Seat 3: pipinoelbreve9 (€5 in chips) 
Seat 4: nellussus (€15.36 in chips) 
Seat 5: Brais Noron (€5.37 in chips) 
Seat 6: chulinho10 (€5.29 in chips) 
najas88: posts small blind €0.02
pipinoelbreve9: posts big blind €0.05
*** HOLE CARDS ***
Dealt to pipinoelbreve9 [5s 5d]
nellussus: folds 
Brais Noron: folds 
chulinho10: folds 
fernando3768: folds 
najas88: folds 
Uncalled bet (€0.03) returned to pipinoelbreve9
pipinoelbreve9 collected €0.04 from pot
pipinoelbreve9: doesn't show hand 
*** SUMMARY ***
Total pot €0.04 | Rake €0 
Seat 1: fernando3768 (button) folded before Flop (didn't bet)
Seat 2: najas88 (small blind) folded before Flop
Seat 3: pipinoelbreve9 (big blind) collected (€0.04)
Seat 4: nellussus folded before Flop (didn't bet)
Seat 5: Brais Noron folded before Flop (didn't bet)
Seat 6: chulinho10 folded before Flop (didn't bet)



PokerStars Zoom Hand #259513319255:  Hold'em No Limit (€0.02/€0.05) - 2026/01/29 22:28:41 CET [2026/01/29 16:28:41 ET]
Table 'Asterope' 6-max Seat #1 is the button
Seat 1: pipinoelbreve9 (€5 in chips) 
Seat 2: Dragusin (€5 in chips) 
Seat 3: Intraneon (€5.11 in chips) 
Seat 4: Guiyerbajo (€3.20 in chips) 
Seat 5: antoo159 (€4.23 in chips) 
Seat 6: fernando3768 (€8.26 in chips) 
Dragusin: posts small blind €0.02
Intraneon: posts big blind €0.05
*** HOLE CARDS ***
Dealt to pipinoelbreve9 [Qh 8d]
Guiyerbajo: raises €0.05 to €0.10
antoo159: folds 
fernando3768: folds 
pipinoelbreve9: folds 
Dragusin: folds 
Intraneon: folds 
Uncalled bet (€0.05) returned to Guiyerbajo
Guiyerbajo collected €0.12 from pot
Guiyerbajo: doesn't show hand 
*** SUMMARY ***
Total pot €0.12 | Rake €0 
Seat 1: pipinoelbreve9 (button) folded before Flop (didn't bet)
Seat 2: Dragusin (small blind) folded before Flop
Seat 3: Intraneon (big blind) folded before Flop
Seat 4: Guiyerbajo collected (€0.12)
Seat 5: antoo159 folded before Flop (didn't bet)
Seat 6: fernando3768 folded before Flop (didn't bet)



PokerStars Zoom Hand #259513323798:  Hold'em No Limit (€0.02/€0.05) - 2026/01/29 22:28:58 CET [2026/01/29 16:28:58 ET]
Table 'Asterope' 6-max Seat #1 is the button
Seat 1: Guiyerbajo (€3.27 in chips) 
Seat 2: technoboy72 (€9.80 in chips) 
Seat 3: fernando3768 (€8.26 in chips) 
Seat 4: pipinoelbreve9 (€5.02 in chips) 
Seat 5: Angelfs7 (€11.32 in chips) 
Seat 6: Serji24 (€1.20 in chips) 
technoboy72: posts small blind €0.02
fernando3768: posts big blind €0.05
*** HOLE CARDS ***
Dealt to pipinoelbreve9 [Qc 2c]
pipinoelbreve9: folds 
Angelfs7: folds 
Serji24: raises €0.10 to €0.15
Guiyerbajo: raises €0.37 to €0.52
technoboy72: folds 
fernando3768: folds 
Serji24: raises €0.68 to €1.20 and is all-in
Guiyerbajo: calls €0.68
*** FLOP *** [5s Td Qs]
*** TURN *** [5s Td Qs] [3s]
*** RIVER *** [5s Td Qs 3s] [Kh]
*** SHOW DOWN ***
Serji24: shows [6d 6s] (a pair of Sixes)
Guiyerbajo: shows [Qh Ac] (a pair of Queens)
Guiyerbajo collected €2.35 from pot
*** SUMMARY ***
Total pot €2.47 | Rake €0.12 
Board [5s Td Qs 3s Kh]
Seat 1: Guiyerbajo (button) showed [Qh Ac] and won (€2.35) with a pair of Queens
Seat 2: technoboy72 (small blind) folded before Flop
Seat 3: fernando3768 (big blind) folded before Flop
Seat 4: pipinoelbreve9 folded before Flop (didn't bet)
Seat 5: Angelfs7 folded before Flop (didn't bet)
Seat 6: Serji24 showed [6d 6s] and lost with a pair of Sixes



PokerStars Zoom Hand #259513330090:  Hold'em No Limit (€0.02/€0.05) - 2026/01/29 22:29:23 CET [2026/01/29 16:29:23 ET]
Table 'Asterope' 6-max Seat #1 is the button
Seat 1: pokerikb (€4.91 in chips) 
Seat 2: elis4ever (€2.79 in chips) 
Seat 3: Dovene11 (€5.76 in chips) 
Seat 4: olijmandrea (€8.91 in chips) 
Seat 5: Reshulon7 (€10.08 in chips) 
Seat 6: pipinoelbreve9 (€5 in chips) 
elis4ever: posts small blind €0.02
Dovene11: posts big blind €0.05
*** HOLE CARDS ***
Dealt to pipinoelbreve9 [Tc Ah]
olijmandrea: folds 
Reshulon7: folds 
pipinoelbreve9: raises €0.07 to €0.12
pokerikb: folds 
elis4ever: folds 
Dovene11: folds 
Uncalled bet (€0.07) returned to pipinoelbreve9
pipinoelbreve9 collected €0.12 from pot
pipinoelbreve9: doesn't show hand 
*** SUMMARY ***
Total pot €0.12 | Rake €0 
Seat 1: pokerikb (button) folded before Flop (didn't bet)
Seat 2: elis4ever (small blind) folded before Flop
Seat 3: Dovene11 (big blind) folded before Flop
Seat 4: olijmandrea folded before Flop (didn't bet)
Seat 5: Reshulon7 folded before Flop (didn't bet)
Seat 6: pipinoelbreve9 collected (€0.12)



PokerStars Zoom Hand #259513298469:  Hold'em No Limit (€0.02/€0.05) - 2026/01/29 22:27:19 CET [2026/01/29 16:27:19 ET]
Table 'Asterope' 6-max Seat #1 is the button
Seat 1: Bertinho Gil (€5 in chips) 
Seat 2: Xaperegui8 (€7.75 in chips) 
Seat 3: kaiserr_sose (€5 in chips) 
Seat 4: yogo0707 (€6.27 in chips) 
Seat 5: prouchte (€7.13 in chips) 
Seat 6: pipinoelbreve9 (€5.27 in chips) 
Xaperegui8: posts small blind €0.02
kaiserr_sose: posts big blind €0.05
*** HOLE CARDS ***
Dealt to pipinoelbreve9 [5d 7c]
yogo0707: raises €0.07 to €0.12
prouchte: folds 
pipinoelbreve9: folds 
Bertinho Gil: folds 
Xaperegui8: calls €0.10
kaiserr_sose: raises €0.31 to €0.43
yogo0707: calls €0.31
Xaperegui8: calls €0.31
*** FLOP *** [7h 7s 9s]
Xaperegui8: checks 
kaiserr_sose: bets €0.36
yogo0707: calls €0.36
Xaperegui8: calls €0.36
*** TURN *** [7h 7s 9s] [Qd]
Xaperegui8: checks 
kaiserr_sose: bets €1.23
yogo0707: folds 
Xaperegui8: calls €1.23
*** RIVER *** [7h 7s 9s Qd] [8s]
Xaperegui8: bets €2.30
kaiserr_sose: calls €2.30
*** SHOW DOWN ***
Xaperegui8: shows [8c As] (two pair, Eights and Sevens)
kaiserr_sose: shows [Ac Ah] (two pair, Aces and Sevens)
kaiserr_sose collected €8.96 from pot
*** SUMMARY ***
Total pot €9.43 | Rake €0.47 
Board [7h 7s 9s Qd 8s]
Seat 1: Bertinho Gil (button) folded before Flop (didn't bet)
Seat 2: Xaperegui8 (small blind) showed [8c As] and lost with two pair, Eights and Sevens
Seat 3: kaiserr_sose (big blind) showed [Ac Ah] and won (€8.96) with two pair, Aces and Sevens
Seat 4: yogo0707 folded on the Turn
Seat 5: prouchte folded before Flop (didn't bet)
Seat 6: pipinoelbreve9 folded before Flop (didn't bet)



PokerStars Zoom Hand #259513328778:  Hold'em No Limit (€0.02/€0.05) - 2026/01/29 22:29:18 CET [2026/01/29 16:29:18 ET]
Table 'Asterope' 6-max Seat #1 is the button
Seat 1: prouchte (€7.22 in chips) 
Seat 2: pipinoelbreve9 (€5.02 in chips) 
Seat 3: crevi_066 (€6.81 in chips) 
Seat 4: Crossnar (€6.31 in chips) 
Seat 5: nellussus (€5.02 in chips) 
Seat 6: antoo159 (€4.23 in chips) 
pipinoelbreve9: posts small blind €0.02
crevi_066: posts big blind €0.05
*** HOLE CARDS ***
Dealt to pipinoelbreve9 [6d 2d]
Crossnar: folds 
nellussus: folds 
antoo159: folds 
prouchte has timed out
prouchte: folds 
pipinoelbreve9: folds 
Uncalled bet (€0.03) returned to crevi_066
crevi_066 collected €0.04 from pot
crevi_066: doesn't show hand 
*** SUMMARY ***
Total pot €0.04 | Rake €0 
Seat 1: prouchte (button) folded before Flop (didn't bet)
Seat 2: pipinoelbreve9 (small blind) folded before Flop
Seat 3: crevi_066 (big blind) collected (€0.04)
Seat 4: Crossnar folded before Flop (didn't bet)
Seat 5: nellussus folded before Flop (didn't bet)
Seat 6: antoo159 folded before Flop (didn't bet)



PokerStars Zoom Hand #259513324922:  Hold'em No Limit (€0.02/€0.05) - 2026/01/29 22:29:03 CET [2026/01/29 16:29:03 ET]
Table 'Asterope' 6-max Seat #1 is the button
Seat 1: EduPokerItu (€6.86 in chips) 
Seat 2: luiscosta82 (€5 in chips) 
Seat 3: aaboga (€7.52 in chips) 
Seat 4: pipinoelbreve9 (€5.02 in chips) 
Seat 5: technoboy72 (€6.66 in chips) 
Seat 6: saint-imier (€5.89 in chips) 
luiscosta82: posts small blind €0.02
aaboga: posts big blind €0.05
*** HOLE CARDS ***
Dealt to pipinoelbreve9 [4c Th]
pipinoelbreve9: folds 
technoboy72: folds 
saint-imier: raises €0.10 to €0.15
EduPokerItu: calls €0.15
luiscosta82: folds 
aaboga: raises €0.50 to €0.65
saint-imier: folds 
EduPokerItu: calls €0.50
*** FLOP *** [4h 5h 9s]
aaboga: checks 
EduPokerItu: checks 
*** TURN *** [4h 5h 9s] [2s]
aaboga: bets €0.70
EduPokerItu: folds 
Uncalled bet (€0.70) returned to aaboga
aaboga collected €1.40 from pot
aaboga: doesn't show hand 
*** SUMMARY ***
Total pot €1.47 | Rake €0.07 
Board [4h 5h 9s 2s]
Seat 1: EduPokerItu (button) folded on the Turn
Seat 2: luiscosta82 (small blind) folded before Flop
Seat 3: aaboga (big blind) collected (€1.40)
Seat 4: pipinoelbreve9 folded before Flop (didn't bet)
Seat 5: technoboy72 folded before Flop (didn't bet)
Seat 6: saint-imier folded before Flop



PokerStars Zoom Hand #259513333722:  Hold'em No Limit (€0.02/€0.05) - 2026/01/29 22:29:37 CET [2026/01/29 16:29:37 ET]
Table 'Asterope' 6-max Seat #1 is the button
Seat 1: redwoco (€2 in chips) 
Seat 2: PerraTragas (€6.85 in chips) 
Seat 3: Crossnar (€8.91 in chips) 
Seat 4: chulinho10 (€5.36 in chips) 
Seat 5: Xaperegui8 (€3.43 in chips) 
Seat 6: pipinoelbreve9 (€5.07 in chips) 
PerraTragas: posts small blind €0.02
Crossnar: posts big blind €0.05
*** HOLE CARDS ***
Dealt to pipinoelbreve9 [5h 8c]
chulinho10: folds 
Xaperegui8: folds 
pipinoelbreve9: folds 
redwoco: raises €0.20 to €0.25
PerraTragas: folds 
Crossnar: folds 
Uncalled bet (€0.20) returned to redwoco
redwoco collected €0.12 from pot
redwoco: doesn't show hand 
*** SUMMARY ***
Total pot €0.12 | Rake €0 
Seat 1: redwoco (button) collected (€0.12)
Seat 2: PerraTragas (small blind) folded before Flop
Seat 3: Crossnar (big blind) folded before Flop
Seat 4: chulinho10 folded before Flop (didn't bet)
Seat 5: Xaperegui8 folded before Flop (didn't bet)
Seat 6: pipinoelbreve9 folded before Flop (didn't bet)



PokerStars Zoom Hand #259513325606:  Hold'em No Limit (€0.02/€0.05) - 2026/01/29 22:29:05 CET [2026/01/29 16:29:05 ET]
Table 'Asterope' 6-max Seat #1 is the button
Seat 1: pipinoelbreve9 (€5.02 in chips) 
Seat 2: kyra46125 (€2.20 in chips) 
Seat 3: kokks2 (€5.97 in chips) 
Seat 4: Intraneon (€5.04 in chips) 
Seat 5: daniello7777 (€5.21 in chips) 
Seat 6: NIHHIL0 (€5.51 in chips) 
kyra46125: posts small blind €0.02
kokks2: posts big blind €0.05
*** HOLE CARDS ***
Dealt to pipinoelbreve9 [Ks 8c]
Intraneon: folds 
daniello7777: folds 
NIHHIL0: raises €0.10 to €0.15
pipinoelbreve9: folds 
kyra46125: calls €0.13
kokks2: raises €0.45 to €0.60
NIHHIL0: calls €0.45
kyra46125: calls €0.45
*** FLOP *** [Ac 2d 4h]
kyra46125: bets €1.60 and is all-in
kokks2: folds 
NIHHIL0: folds 
Uncalled bet (€1.60) returned to kyra46125
kyra46125 collected €1.71 from pot
kyra46125: doesn't show hand 
*** SUMMARY ***
Total pot €1.80 | Rake €0.09 
Board [Ac 2d 4h]
Seat 1: pipinoelbreve9 (button) folded before Flop (didn't bet)
Seat 2: kyra46125 (small blind) collected (€1.71)
Seat 3: kokks2 (big blind) folded on the Flop
Seat 4: Intraneon folded before Flop (didn't bet)
Seat 5: daniello7777 folded before Flop (didn't bet)
Seat 6: NIHHIL0 folded on the Flop



PokerStars Zoom Hand #259513335159:  Hold'em No Limit (€0.02/€0.05) - 2026/01/29 22:29:43 CET [2026/01/29 16:29:43 ET]
Table 'Asterope' 6-max Seat #1 is the button
Seat 1: kokks2 (€7.33 in chips) 
Seat 2: martingebar (€4.73 in chips) 
Seat 3: Elrubik09 (€6.57 in chips) 
Seat 4: Xaperegui8 (€3.43 in chips) 
Seat 5: pipinoelbreve9 (€5.07 in chips) 
Seat 6: el_heniek (€5.29 in chips) 
martingebar: posts small blind €0.02
Elrubik09: posts big blind €0.05
*** HOLE CARDS ***
Dealt to pipinoelbreve9 [7s 8c]
Xaperegui8: folds 
pipinoelbreve9 has timed out
pipinoelbreve9: folds 
el_heniek: raises €0.10 to €0.15
kokks2: folds 
martingebar: folds 
Elrubik09: folds 
Uncalled bet (€0.10) returned to el_heniek
el_heniek collected €0.12 from pot
el_heniek: doesn't show hand 
*** SUMMARY ***
Total pot €0.12 | Rake €0 
Seat 1: kokks2 (button) folded before Flop (didn't bet)
Seat 2: martingebar (small blind) folded before Flop
Seat 3: Elrubik09 (big blind) folded before Flop
Seat 4: Xaperegui8 folded before Flop (didn't bet)
Seat 5: pipinoelbreve9 folded before Flop (didn't bet)
Seat 6: el_heniek collected (€0.12)



PokerStars Zoom Hand #259513344059:  Hold'em No Limit (€0.02/€0.05) - 2026/01/29 22:30:18 CET [2026/01/29 16:30:18 ET]
Table 'Asterope' 6-max Seat #1 is the button
Seat 1: redwoco (€2 in chips) 
Seat 2: Cathaysanauz (€5.02 in chips) 
Seat 3: el_heniek (€4.18 in chips) 
Seat 4: pipinoelbreve9 (€5.02 in chips) 
Seat 5: yogo0707 (€5.86 in chips) 
Seat 6: txiskius (€9.20 in chips) 
Cathaysanauz: posts small blind €0.02
el_heniek: posts big blind €0.05
*** HOLE CARDS ***
Dealt to pipinoelbreve9 [7d Ad]
pipinoelbreve9: raises €0.07 to €0.12
yogo0707: calls €0.12
txiskius: folds 
redwoco: folds 
Cathaysanauz: folds 
el_heniek: folds 
*** FLOP *** [Qs 6h 6s]
pipinoelbreve9: bets €0.10
yogo0707: calls €0.10
*** TURN *** [Qs 6h 6s] [Td]
pipinoelbreve9: checks 
yogo0707: checks 
*** RIVER *** [Qs 6h 6s Td] [2h]
pipinoelbreve9: checks 
yogo0707: checks 
*** SHOW DOWN ***
pipinoelbreve9: shows [7d Ad] (a pair of Sixes)
yogo0707: shows [5d 5c] (two pair, Sixes and Fives)
yogo0707 collected €0.48 from pot
*** SUMMARY ***
Total pot €0.51 | Rake €0.03 
Board [Qs 6h 6s Td 2h]
Seat 1: redwoco (button) folded before Flop (didn't bet)
Seat 2: Cathaysanauz (small blind) folded before Flop
Seat 3: el_heniek (big blind) folded before Flop
Seat 4: pipinoelbreve9 showed [7d Ad] and lost with a pair of Sixes
Seat 5: yogo0707 showed [5d 5c] and won (€0.48) with two pair, Sixes and Fives
Seat 6: txiskius folded before Flop (didn't bet)



PokerStars Zoom Hand #259513339663:  Hold'em No Limit (€0.02/€0.05) - 2026/01/29 22:30:01 CET [2026/01/29 16:30:01 ET]
Table 'Asterope' 6-max Seat #1 is the button
Seat 1: daniello7777 (€5.11 in chips) 
Seat 2: manrik_1 (€4.19 in chips) 
Seat 3: pipinoelbreve9 (€5.07 in chips) 
Seat 4: najas88 (€6.47 in chips) 
Seat 5: KingstaS13 (€4.88 in chips) 
Seat 6: redwoco (€4.08 in chips) 
manrik_1: posts small blind €0.02
pipinoelbreve9: posts big blind €0.05
*** HOLE CARDS ***
Dealt to pipinoelbreve9 [5s 3h]
najas88: folds 
KingstaS13: folds 
redwoco: folds 
daniello7777: raises €0.10 to €0.15
manrik_1: calls €0.13
pipinoelbreve9: folds 
*** FLOP *** [Qd 5h Kh]
manrik_1: checks 
daniello7777: bets €0.10
manrik_1: calls €0.10
*** TURN *** [Qd 5h Kh] [Tc]
manrik_1: checks 
daniello7777: bets €0.15
manrik_1: calls €0.15
*** RIVER *** [Qd 5h Kh Tc] [9d]
manrik_1: checks 
daniello7777: bets €0.30
manrik_1: calls €0.30
*** SHOW DOWN ***
daniello7777: shows [Jh Qh] (a straight, Nine to King)
manrik_1: mucks hand 
daniello7777 collected €1.38 from pot
*** SUMMARY ***
Total pot €1.45 | Rake €0.07 
Board [Qd 5h Kh Tc 9d]
Seat 1: daniello7777 (button) showed [Jh Qh] and won (€1.38) with a straight, Nine to King
Seat 2: manrik_1 (small blind) mucked [Ks Ts]
Seat 3: pipinoelbreve9 (big blind) folded before Flop
Seat 4: najas88 folded before Flop (didn't bet)
Seat 5: KingstaS13 folded before Flop (didn't bet)
Seat 6: redwoco folded before Flop (didn't bet)



PokerStars Zoom Hand #259513352850:  Hold'em No Limit (€0.02/€0.05) - 2026/01/29 22:30:52 CET [2026/01/29 16:30:52 ET]
Table 'Asterope' 6-max Seat #1 is the button
Seat 1: EronMobius (€7.85 in chips) 
Seat 2: pipinoelbreve9 (€5 in chips) 
Seat 3: PetroniloPT (€2 in chips) 
Seat 4: NIHHIL0 (€5 in chips) 
Seat 5: fernando3768 (€2.44 in chips) 
Seat 6: KingstaS13 (€4.90 in chips) 
pipinoelbreve9: posts small blind €0.02
PetroniloPT: posts big blind €0.05
*** HOLE CARDS ***
Dealt to pipinoelbreve9 [6c 5h]
NIHHIL0: folds 
fernando3768: raises €0.10 to €0.15
KingstaS13: folds 
EronMobius: folds 
pipinoelbreve9: folds 
PetroniloPT: folds 
Uncalled bet (€0.10) returned to fernando3768
fernando3768 collected €0.12 from pot
fernando3768: doesn't show hand 
*** SUMMARY ***
Total pot €0.12 | Rake €0 
Seat 1: EronMobius (button) folded before Flop (didn't bet)
Seat 2: pipinoelbreve9 (small blind) folded before Flop
Seat 3: PetroniloPT (big blind) folded before Flop
Seat 4: NIHHIL0 folded before Flop (didn't bet)
Seat 5: fernando3768 collected (€0.12)
Seat 6: KingstaS13 folded before Flop (didn't bet)



PokerStars Zoom Hand #259513356629:  Hold'em No Limit (€0.02/€0.05) - 2026/01/29 22:31:06 CET [2026/01/29 16:31:06 ET]
Table 'Asterope' 6-max Seat #1 is the button
Seat 1: moi66240 (€2.26 in chips) 
Seat 2: Xoseanro510 (€7.15 in chips) 
Seat 3: pipinoelbreve9 (€5 in chips) 
Seat 4: Elrubik09 (€6.02 in chips) 
Seat 5: Angelfs7 (€5 in chips) 
Seat 6: zz3phyr (€5.08 in chips) 
Xoseanro510: posts small blind €0.02
pipinoelbreve9: posts big blind €0.05
*** HOLE CARDS ***
Dealt to pipinoelbreve9 [4c 9h]
Elrubik09: folds 
Angelfs7: folds 
zz3phyr: folds 
moi66240: folds 
Xoseanro510: folds 
Uncalled bet (€0.03) returned to pipinoelbreve9
pipinoelbreve9 collected €0.04 from pot
pipinoelbreve9: doesn't show hand 
*** SUMMARY ***
Total pot €0.04 | Rake €0 
Seat 1: moi66240 (button) folded before Flop (didn't bet)
Seat 2: Xoseanro510 (small blind) folded before Flop
Seat 3: pipinoelbreve9 (big blind) collected (€0.04)
Seat 4: Elrubik09 folded before Flop (didn't bet)
Seat 5: Angelfs7 folded before Flop (didn't bet)
Seat 6: zz3phyr folded before Flop (didn't bet)



PokerStars Zoom Hand #259513354271:  Hold'em No Limit (€0.02/€0.05) - 2026/01/29 22:30:57 CET [2026/01/29 16:30:57 ET]
Table 'Asterope' 6-max Seat #1 is the button
Seat 1: pipinoelbreve9 (€5 in chips) 
Seat 2: technoboy72 (€6.94 in chips) 
Seat 3: jepad62 (€2.01 in chips) 
Seat 4: Dragusin (€5.19 in chips) 
Seat 5: EduPokerItu (€6.19 in chips) 
Seat 6: najas88 (€4.95 in chips) 
technoboy72: posts small blind €0.02
jepad62: posts big blind €0.05
*** HOLE CARDS ***
Dealt to pipinoelbreve9 [Kh 9d]
Dragusin: raises €0.10 to €0.15
EduPokerItu: calls €0.15
najas88: folds 
pipinoelbreve9: folds 
technoboy72: folds 
jepad62: folds 
*** FLOP *** [Js 6c Jh]
Dragusin: bets €0.18
EduPokerItu: calls €0.18
*** TURN *** [Js 6c Jh] [7c]
Dragusin: checks 
EduPokerItu: bets €0.45
Dragusin: calls €0.45
*** RIVER *** [Js 6c Jh 7c] [6s]
Dragusin: checks 
EduPokerItu: checks 
*** SHOW DOWN ***
Dragusin: shows [Jc Ac] (a full house, Jacks full of Sixes)
EduPokerItu: mucks hand 
Dragusin collected €1.55 from pot
*** SUMMARY ***
Total pot €1.63 | Rake €0.08 
Board [Js 6c Jh 7c 6s]
Seat 1: pipinoelbreve9 (button) folded before Flop (didn't bet)
Seat 2: technoboy72 (small blind) folded before Flop
Seat 3: jepad62 (big blind) folded before Flop
Seat 4: Dragusin showed [Jc Ac] and won (€1.55) with a full house, Jacks full of Sixes
Seat 5: EduPokerItu mucked [8d 8h]
Seat 6: najas88 folded before Flop (didn't bet)



PokerStars Zoom Hand #259513363701:  Hold'em No Limit (€0.02/€0.05) - 2026/01/29 22:31:34 CET [2026/01/29 16:31:34 ET]
Table 'Asterope' 6-max Seat #1 is the button
Seat 1: txiskius (€9.27 in chips) 
Seat 2: Reshulon7 (€11.56 in chips) 
Seat 3: evmiso (€5.03 in chips) 
Seat 4: pipinoelbreve9 (€5.02 in chips) 
Seat 5: Crossnar (€6.15 in chips) 
Seat 6: saint-imier (€6.02 in chips) 
Reshulon7: posts small blind €0.02
evmiso: posts big blind €0.05
*** HOLE CARDS ***
Dealt to pipinoelbreve9 [4s Ac]
pipinoelbreve9: folds 
Crossnar: folds 
saint-imier: raises €0.10 to €0.15
txiskius: folds 
Reshulon7: folds 
evmiso: folds 
Uncalled bet (€0.10) returned to saint-imier
saint-imier collected €0.12 from pot
saint-imier: doesn't show hand 
*** SUMMARY ***
Total pot €0.12 | Rake €0 
Seat 1: txiskius (button) folded before Flop (didn't bet)
Seat 2: Reshulon7 (small blind) folded before Flop
Seat 3: evmiso (big blind) folded before Flop
Seat 4: pipinoelbreve9 folded before Flop (didn't bet)
Seat 5: Crossnar folded before Flop (didn't bet)
Seat 6: saint-imier collected (€0.12)



PokerStars Zoom Hand #259513364792:  Hold'em No Limit (€0.02/€0.05) - 2026/01/29 22:31:38 CET [2026/01/29 16:31:38 ET]
Table 'Asterope' 6-max Seat #1 is the button
Seat 1: luiscosta82 (€5.61 in chips) 
Seat 2: pipinoelbreve9 (€5.02 in chips) 
Seat 3: jepad62 (€2 in chips) 
Seat 4: technoboy72 (€9.69 in chips) 
Seat 5: txiskius (€9.27 in chips) 
Seat 6: titus&mus (€4.36 in chips) 
pipinoelbreve9: posts small blind €0.02
jepad62: posts big blind €0.05
*** HOLE CARDS ***
Dealt to pipinoelbreve9 [6h Qc]
technoboy72: folds 
txiskius: folds 
titus&mus: folds 
luiscosta82: raises €0.10 to €0.15
pipinoelbreve9: folds 
jepad62: folds 
Uncalled bet (€0.10) returned to luiscosta82
luiscosta82 collected €0.12 from pot
luiscosta82: doesn't show hand 
*** SUMMARY ***
Total pot €0.12 | Rake €0 
Seat 1: luiscosta82 (button) collected (€0.12)
Seat 2: pipinoelbreve9 (small blind) folded before Flop
Seat 3: jepad62 (big blind) folded before Flop
Seat 4: technoboy72 folded before Flop (didn't bet)
Seat 5: txiskius folded before Flop (didn't bet)
Seat 6: titus&mus folded before Flop (didn't bet)



PokerStars Zoom Hand #259513366742:  Hold'em No Limit (€0.02/€0.05) - 2026/01/29 22:31:46 CET [2026/01/29 16:31:46 ET]
Table 'Asterope' 6-max Seat #1 is the button
Seat 1: pipinoelbreve9 (€5 in chips) 
Seat 2: onlinetuga (€23.25 in chips) 
Seat 3: Paparrota (€8.16 in chips) 
Seat 4: Sophistês (€7.85 in chips) 
Seat 5: daniello7777 (€5.79 in chips) 
Seat 6: el_heniek (€14.78 in chips) 
onlinetuga: posts small blind €0.02
Paparrota: posts big blind €0.05
*** HOLE CARDS ***
Dealt to pipinoelbreve9 [Js Qh]
Sophistês: folds 
daniello7777: folds 
el_heniek: folds 
pipinoelbreve9: raises €0.07 to €0.12
onlinetuga: folds 
Paparrota: calls €0.07
*** FLOP *** [Ts 4c Kc]
Paparrota: checks 
pipinoelbreve9: bets €0.08
Paparrota: folds 
Uncalled bet (€0.08) returned to pipinoelbreve9
pipinoelbreve9 collected €0.25 from pot
pipinoelbreve9: doesn't show hand 
*** SUMMARY ***
Total pot €0.26 | Rake €0.01 
Board [Ts 4c Kc]
Seat 1: pipinoelbreve9 (button) collected (€0.25)
Seat 2: onlinetuga (small blind) folded before Flop
Seat 3: Paparrota (big blind) folded on the Flop
Seat 4: Sophistês folded before Flop (didn't bet)
Seat 5: daniello7777 folded before Flop (didn't bet)
Seat 6: el_heniek folded before Flop (didn't bet)



PokerStars Zoom Hand #259513362315:  Hold'em No Limit (€0.02/€0.05) - 2026/01/29 22:31:29 CET [2026/01/29 16:31:29 ET]
Table 'Asterope' 6-max Seat #1 is the button
Seat 1: HGrenha (€14.47 in chips) 
Seat 2: saint-imier (€6.04 in chips) 
Seat 3: NEIG (€3.48 in chips) 
Seat 4: NIHHIL0 (€5 in chips) 
Seat 5: pipinoelbreve9 (€5.02 in chips) 
Seat 6: fernando3768 (€2.44 in chips) 
saint-imier: posts small blind €0.02
NEIG: posts big blind €0.05
*** HOLE CARDS ***
Dealt to pipinoelbreve9 [3c 4c]
NIHHIL0: raises €0.07 to €0.12
pipinoelbreve9: folds 
fernando3768: folds 
HGrenha: folds 
saint-imier: folds 
NEIG: calls €0.07
*** FLOP *** [6s 9c 7d]
NEIG: checks 
NIHHIL0: checks 
*** TURN *** [6s 9c 7d] [Qs]
NEIG: checks 
NIHHIL0: bets €0.13
NEIG: calls €0.13
*** RIVER *** [6s 9c 7d Qs] [5s]
NEIG: checks 
NIHHIL0: checks 
*** SHOW DOWN ***
NEIG: shows [5c Ad] (a pair of Fives)
NIHHIL0: shows [Ts Qd] (a pair of Queens)
NIHHIL0 collected €0.49 from pot
*** SUMMARY ***
Total pot €0.52 | Rake €0.03 
Board [6s 9c 7d Qs 5s]
Seat 1: HGrenha (button) folded before Flop (didn't bet)
Seat 2: saint-imier (small blind) folded before Flop
Seat 3: NEIG (big blind) showed [5c Ad] and lost with a pair of Fives
Seat 4: NIHHIL0 showed [Ts Qd] and won (€0.49) with a pair of Queens
Seat 5: pipinoelbreve9 folded before Flop (didn't bet)
Seat 6: fernando3768 folded before Flop (didn't bet)



PokerStars Zoom Hand #259513372949:  Hold'em No Limit (€0.02/€0.05) - 2026/01/29 22:32:10 CET [2026/01/29 16:32:10 ET]
Table 'Asterope' 6-max Seat #1 is the button
Seat 1: chulinho10 (€5.22 in chips) 
Seat 2: Angelfs7 (€5 in chips) 
Seat 3: luiscosta82 (€5.68 in chips) 
Seat 4: EronMobius (€7.71 in chips) 
Seat 5: Cathaysanauz (€5.20 in chips) 
Seat 6: pipinoelbreve9 (€5.13 in chips) 
Angelfs7: posts small blind €0.02
luiscosta82: posts big blind €0.05
*** HOLE CARDS ***
Dealt to pipinoelbreve9 [6c 7d]
EronMobius: folds 
Cathaysanauz: folds 
pipinoelbreve9: folds 
chulinho10: raises €0.10 to €0.15
Angelfs7: folds 
luiscosta82: folds 
Uncalled bet (€0.10) returned to chulinho10
chulinho10 collected €0.12 from pot
chulinho10: doesn't show hand 
*** SUMMARY ***
Total pot €0.12 | Rake €0 
Seat 1: chulinho10 (button) collected (€0.12)
Seat 2: Angelfs7 (small blind) folded before Flop
Seat 3: luiscosta82 (big blind) folded before Flop
Seat 4: EronMobius folded before Flop (didn't bet)
Seat 5: Cathaysanauz folded before Flop (didn't bet)
Seat 6: pipinoelbreve9 folded before Flop (didn't bet)



PokerStars Zoom Hand #259513375104:  Hold'em No Limit (€0.02/€0.05) - 2026/01/29 22:32:18 CET [2026/01/29 16:32:18 ET]
Table 'Asterope' 6-max Seat #1 is the button
Seat 1: NIHHIL0 (€5.22 in chips) 
Seat 2: gangapoker (€5 in chips) 
Seat 3: el_heniek (€4.43 in chips) 
Seat 4: pipinoelbreve9 (€5.13 in chips) 
Seat 5: Crossnar (€8.78 in chips) 
Seat 6: correcamiños (€5 in chips) 
gangapoker: posts small blind €0.02
el_heniek: posts big blind €0.05
*** HOLE CARDS ***
Dealt to pipinoelbreve9 [Ad Jd]
pipinoelbreve9: raises €0.07 to €0.12
Crossnar: folds 
correcamiños: folds 
NIHHIL0: folds 
gangapoker: folds 
el_heniek: folds 
Uncalled bet (€0.07) returned to pipinoelbreve9
pipinoelbreve9 collected €0.12 from pot
pipinoelbreve9: doesn't show hand 
*** SUMMARY ***
Total pot €0.12 | Rake €0 
Seat 1: NIHHIL0 (button) folded before Flop (didn't bet)
Seat 2: gangapoker (small blind) folded before Flop
Seat 3: el_heniek (big blind) folded before Flop
Seat 4: pipinoelbreve9 collected (€0.12)
Seat 5: Crossnar folded before Flop (didn't bet)
Seat 6: correcamiños folded before Flop (didn't bet)



PokerStars Zoom Hand #259513378736:  Hold'em No Limit (€0.02/€0.05) - 2026/01/29 22:32:32 CET [2026/01/29 16:32:32 ET]
Table 'Asterope' 6-max Seat #1 is the button
Seat 1: gangapoker (€4.98 in chips) 
Seat 2: titus&mus (€4.76 in chips) 
Seat 3: pipinoelbreve9 (€5.20 in chips) 
Seat 4: Nimed (€6.45 in chips) 
Seat 5: Cathaysanauz (€5.13 in chips) 
Seat 6: Jumby34 (€6.91 in chips) 
titus&mus: posts small blind €0.02
pipinoelbreve9: posts big blind €0.05
*** HOLE CARDS ***
Dealt to pipinoelbreve9 [Qh 3c]
Nimed: folds 
Cathaysanauz: folds 
Jumby34: folds 
gangapoker: folds 
titus&mus: folds 
Uncalled bet (€0.03) returned to pipinoelbreve9
pipinoelbreve9 collected €0.04 from pot
pipinoelbreve9: doesn't show hand 
*** SUMMARY ***
Total pot €0.04 | Rake €0 
Seat 1: gangapoker (button) folded before Flop (didn't bet)
Seat 2: titus&mus (small blind) folded before Flop
Seat 3: pipinoelbreve9 (big blind) collected (€0.04)
Seat 4: Nimed folded before Flop (didn't bet)
Seat 5: Cathaysanauz folded before Flop (didn't bet)
Seat 6: Jumby34 folded before Flop (didn't bet)



PokerStars Zoom Hand #259513373954:  Hold'em No Limit (€0.02/€0.05) - 2026/01/29 22:32:14 CET [2026/01/29 16:32:14 ET]
Table 'Asterope' 6-max Seat #1 is the button
Seat 1: kyra46125 (€3.55 in chips) 
Seat 2: Pecadorll (€2 in chips) 
Seat 3: valls1000 (€3.79 in chips) 
Seat 4: kaiserr_sose (€9.22 in chips) 
Seat 5: pipinoelbreve9 (€5.13 in chips) 
Seat 6: titipro1905 (€10.91 in chips) 
Pecadorll: posts small blind €0.02
valls1000: posts big blind €0.05
*** HOLE CARDS ***
Dealt to pipinoelbreve9 [6s 4d]
kaiserr_sose: folds 
pipinoelbreve9: folds 
titipro1905: folds 
kyra46125: calls €0.05
Pecadorll: folds 
valls1000: checks 
*** FLOP *** [2d Jd 2h]
valls1000: checks 
kyra46125: checks 
*** TURN *** [2d Jd 2h] [5c]
valls1000: checks 
kyra46125: checks 
*** RIVER *** [2d Jd 2h 5c] [Qs]
valls1000: checks 
kyra46125: checks 
*** SHOW DOWN ***
valls1000: shows [9d 3h] (a pair of Deuces)
kyra46125: shows [Ac 7s] (a pair of Deuces - Ace kicker)
kyra46125 collected €0.11 from pot
*** SUMMARY ***
Total pot €0.12 | Rake €0.01 
Board [2d Jd 2h 5c Qs]
Seat 1: kyra46125 (button) showed [Ac 7s] and won (€0.11) with a pair of Deuces
Seat 2: Pecadorll (small blind) folded before Flop
Seat 3: valls1000 (big blind) showed [9d 3h] and lost with a pair of Deuces
Seat 4: kaiserr_sose folded before Flop (didn't bet)
Seat 5: pipinoelbreve9 folded before Flop (didn't bet)
Seat 6: titipro1905 folded before Flop (didn't bet)



PokerStars Zoom Hand #259513382273:  Hold'em No Limit (€0.02/€0.05) - 2026/01/29 22:32:46 CET [2026/01/29 16:32:46 ET]
Table 'Asterope' 6-max Seat #1 is the button
Seat 1: daniello7777 (€5.48 in chips) 
Seat 2: pipinoelbreve9 (€5.22 in chips) 
Seat 3: cocolino143 (€15.21 in chips) 
Seat 4: Cathaysanauz (€5.23 in chips) 
Seat 5: txiskius (€9.27 in chips) 
Seat 6: titus&mus (€4.74 in chips) 
pipinoelbreve9: posts small blind €0.02
cocolino143: posts big blind €0.05
*** HOLE CARDS ***
Dealt to pipinoelbreve9 [2h 3c]
Cathaysanauz: folds 
txiskius: folds 
titus&mus: folds 
daniello7777: folds 
pipinoelbreve9: folds 
Uncalled bet (€0.03) returned to cocolino143
cocolino143 collected €0.04 from pot
cocolino143: doesn't show hand 
*** SUMMARY ***
Total pot €0.04 | Rake €0 
Seat 1: daniello7777 (button) folded before Flop (didn't bet)
Seat 2: pipinoelbreve9 (small blind) folded before Flop
Seat 3: cocolino143 (big blind) collected (€0.04)
Seat 4: Cathaysanauz folded before Flop (didn't bet)
Seat 5: txiskius folded before Flop (didn't bet)
Seat 6: titus&mus folded before Flop (didn't bet)



PokerStars Zoom Hand #259513382984:  Hold'em No Limit (€0.02/€0.05) - 2026/01/29 22:32:49 CET [2026/01/29 16:32:49 ET]
Table 'Asterope' 6-max Seat #1 is the button
Seat 1: pipinoelbreve9 (€5.20 in chips) 
Seat 2: Baumito (€6.84 in chips) 
Seat 3: LeX_SM21 (€2.02 in chips) 
Seat 4: Sophistês (€5.11 in chips) 
Seat 5: PerraTragas (€6.92 in chips) 
Seat 6: gangapoker (€4.93 in chips) 
Baumito: posts small blind €0.02
LeX_SM21: posts big blind €0.05
*** HOLE CARDS ***
Dealt to pipinoelbreve9 [9d 7h]
Sophistês: folds 
PerraTragas: folds 
gangapoker: raises €0.05 to €0.10
pipinoelbreve9: folds 
Baumito: folds 
LeX_SM21: folds 
Uncalled bet (€0.05) returned to gangapoker
gangapoker collected €0.12 from pot
gangapoker: doesn't show hand 
*** SUMMARY ***
Total pot €0.12 | Rake €0 
Seat 1: pipinoelbreve9 (button) folded before Flop (didn't bet)
Seat 2: Baumito (small blind) folded before Flop
Seat 3: LeX_SM21 (big blind) folded before Flop
Seat 4: Sophistês folded before Flop (didn't bet)
Seat 5: PerraTragas folded before Flop (didn't bet)
Seat 6: gangapoker collected (€0.12)



PokerStars Zoom Hand #259513384079:  Hold'em No Limit (€0.02/€0.05) - 2026/01/29 22:32:53 CET [2026/01/29 16:32:53 ET]
Table 'Asterope' 6-max Seat #1 is the button
Seat 1: LeCholp (€4.16 in chips) 
Seat 2: correcamiños (€5 in chips) 
Seat 3: pokerikb (€4.65 in chips) 
Seat 4: nellussus (€7.84 in chips) 
Seat 5: KingstaS13 (€4.36 in chips) 
Seat 6: pipinoelbreve9 (€5.20 in chips) 
correcamiños: posts small blind €0.02
pokerikb: posts big blind €0.05
*** HOLE CARDS ***
Dealt to pipinoelbreve9 [3c Ah]
nellussus: folds 
KingstaS13: calls €0.05
pipinoelbreve9: folds 
LeCholp: calls €0.05
correcamiños: calls €0.03
pokerikb: checks 
*** FLOP *** [4c 9s 4s]
correcamiños: checks 
pokerikb: checks 
KingstaS13: checks 
LeCholp: bets €0.05
correcamiños: folds 
pokerikb: folds 
KingstaS13: folds 
Uncalled bet (€0.05) returned to LeCholp
LeCholp collected €0.19 from pot
LeCholp: doesn't show hand 
*** SUMMARY ***
Total pot €0.20 | Rake €0.01 
Board [4c 9s 4s]
Seat 1: LeCholp (button) collected (€0.19)
Seat 2: correcamiños (small blind) folded on the Flop
Seat 3: pokerikb (big blind) folded on the Flop
Seat 4: nellussus folded before Flop (didn't bet)
Seat 5: KingstaS13 folded on the Flop
Seat 6: pipinoelbreve9 folded before Flop (didn't bet)



PokerStars Zoom Hand #259513385387:  Hold'em No Limit (€0.02/€0.05) - 2026/01/29 22:32:58 CET [2026/01/29 16:32:58 ET]
Table 'Asterope' 6-max Seat #1 is the button
Seat 1: titipro1905 (€10.84 in chips) 
Seat 2: heldrmota (€5.17 in chips) 
Seat 3: Cathaysanauz (€5.23 in chips) 
Seat 4: nellussus (€7.84 in chips) 
Seat 5: pipinoelbreve9 (€5.20 in chips) 
Seat 6: EduPokerItu (€5.19 in chips) 
heldrmota: posts small blind €0.02
Cathaysanauz: posts big blind €0.05
*** HOLE CARDS ***
Dealt to pipinoelbreve9 [2c Ac]
nellussus: folds 
pipinoelbreve9: raises €0.07 to €0.12
EduPokerItu: calls €0.12
titipro1905: folds 
heldrmota: folds 
Cathaysanauz: folds 
*** FLOP *** [9s 3d 2h]
pipinoelbreve9: checks 
EduPokerItu: checks 
*** TURN *** [9s 3d 2h] [Kd]
pipinoelbreve9: bets €0.15
EduPokerItu: calls €0.15
*** RIVER *** [9s 3d 2h Kd] [3c]
pipinoelbreve9: bets €0.29
EduPokerItu: calls €0.29
*** SHOW DOWN ***
pipinoelbreve9: shows [2c Ac] (two pair, Threes and Deuces)
EduPokerItu: shows [Qs Kh] (two pair, Kings and Threes)
EduPokerItu collected €1.13 from pot
*** SUMMARY ***
Total pot €1.19 | Rake €0.06 
Board [9s 3d 2h Kd 3c]
Seat 1: titipro1905 (button) folded before Flop (didn't bet)
Seat 2: heldrmota (small blind) folded before Flop
Seat 3: Cathaysanauz (big blind) folded before Flop
Seat 4: nellussus folded before Flop (didn't bet)
Seat 5: pipinoelbreve9 showed [2c Ac] and lost with two pair, Threes and Deuces
Seat 6: EduPokerItu showed [Qs Kh] and won (€1.13) with two pair, Kings and Threes



PokerStars Zoom Hand #259513397553:  Hold'em No Limit (€0.02/€0.05) - 2026/01/29 22:33:45 CET [2026/01/29 16:33:45 ET]
Table 'Asterope' 6-max Seat #1 is the button
Seat 1: kokks2 (€5.45 in chips) 
Seat 2: titus&mus (€4.98 in chips) 
Seat 3: el_heniek (€4.43 in chips) 
Seat 4: pipinoelbreve9 (€5 in chips) 
Seat 5: technoboy72 (€9.47 in chips) 
Seat 6: MagicThot422 (€5.41 in chips) 
titus&mus: posts small blind €0.02
el_heniek: posts big blind €0.05
*** HOLE CARDS ***
Dealt to pipinoelbreve9 [4h Kh]
pipinoelbreve9: folds 
technoboy72: raises €0.07 to €0.12
MagicThot422: folds 
kokks2: folds 
titus&mus: folds 
el_heniek: folds 
Uncalled bet (€0.07) returned to technoboy72
technoboy72 collected €0.12 from pot
technoboy72: doesn't show hand 
*** SUMMARY ***
Total pot €0.12 | Rake €0 
Seat 1: kokks2 (button) folded before Flop (didn't bet)
Seat 2: titus&mus (small blind) folded before Flop
Seat 3: el_heniek (big blind) folded before Flop
Seat 4: pipinoelbreve9 folded before Flop (didn't bet)
Seat 5: technoboy72 collected (€0.12)
Seat 6: MagicThot422 folded before Flop (didn't bet)



PokerStars Zoom Hand #259513398534:  Hold'em No Limit (€0.02/€0.05) - 2026/01/29 22:33:49 CET [2026/01/29 16:33:49 ET]
Table 'Asterope' 6-max Seat #1 is the button
Seat 1: Bertinho Gil (€5 in chips) 
Seat 2: kokks2 (€5.53 in chips) 
Seat 3: pipinoelbreve9 (€5 in chips) 
Seat 4: Dragusin (€5.79 in chips) 
Seat 5: correcamiños (€5 in chips) 
Seat 6: Paparrota (€6.79 in chips) 
kokks2: posts small blind €0.02
pipinoelbreve9: posts big blind €0.05
*** HOLE CARDS ***
Dealt to pipinoelbreve9 [Ts 6c]
Dragusin: folds 
correcamiños: folds 
Paparrota: folds 
Bertinho Gil: raises €0.07 to €0.12
kokks2: folds 
pipinoelbreve9: folds 
Uncalled bet (€0.07) returned to Bertinho Gil
Bertinho Gil collected €0.12 from pot
Bertinho Gil: doesn't show hand 
*** SUMMARY ***
Total pot €0.12 | Rake €0 
Seat 1: Bertinho Gil (button) collected (€0.12)
Seat 2: kokks2 (small blind) folded before Flop
Seat 3: pipinoelbreve9 (big blind) folded before Flop
Seat 4: Dragusin folded before Flop (didn't bet)
Seat 5: correcamiños folded before Flop (didn't bet)
Seat 6: Paparrota folded before Flop (didn't bet)



PokerStars Zoom Hand #259513405167:  Hold'em No Limit (€0.02/€0.05) - 2026/01/29 22:34:14 CET [2026/01/29 16:34:14 ET]
Table 'Asterope' 6-max Seat #1 is the button
Seat 1: EronMobius (€6.90 in chips) 
Seat 2: EduPokerItu (€5.81 in chips) 
Seat 3: pipinoelbreve9 (€5 in chips) 
Seat 4: correcamiños (€5.66 in chips) 
Seat 5: tiger-jor (€5.41 in chips) 
Seat 6: Xaperegui8 (€0.96 in chips) 
EduPokerItu: posts small blind €0.02
pipinoelbreve9: posts big blind €0.05
*** HOLE CARDS ***
Dealt to pipinoelbreve9 [8h 5s]
correcamiños: folds 
tiger-jor: folds 
Xaperegui8: folds 
EronMobius: folds 
EduPokerItu: folds 
Uncalled bet (€0.03) returned to pipinoelbreve9
pipinoelbreve9 collected €0.04 from pot
pipinoelbreve9: doesn't show hand 
*** SUMMARY ***
Total pot €0.04 | Rake €0 
Seat 1: EronMobius (button) folded before Flop (didn't bet)
Seat 2: EduPokerItu (small blind) folded before Flop
Seat 3: pipinoelbreve9 (big blind) collected (€0.04)
Seat 4: correcamiños folded before Flop (didn't bet)
Seat 5: tiger-jor folded before Flop (didn't bet)
Seat 6: Xaperegui8 folded before Flop (didn't bet)



PokerStars Zoom Hand #259513404072:  Hold'em No Limit (€0.02/€0.05) - 2026/01/29 22:34:10 CET [2026/01/29 16:34:10 ET]
Table 'Asterope' 6-max Seat #1 is the button
Seat 1: el_heniek (€4.36 in chips) 
Seat 2: pipinoelbreve9 (€5 in chips) 
Seat 3: Crossnar (€10.20 in chips) 
Seat 4: titus&mus (€4.91 in chips) 
Seat 5: yogo0707 (€5.02 in chips) 
Seat 6: EduPokerItu (€5.81 in chips) 
pipinoelbreve9: posts small blind €0.02
Crossnar: posts big blind €0.05
*** HOLE CARDS ***
Dealt to pipinoelbreve9 [4h 7s]
titus&mus: raises €0.05 to €0.10
yogo0707: folds 
EduPokerItu: folds 
el_heniek: folds 
pipinoelbreve9: folds 
Crossnar: folds 
Uncalled bet (€0.05) returned to titus&mus
titus&mus collected €0.12 from pot
titus&mus: doesn't show hand 
*** SUMMARY ***
Total pot €0.12 | Rake €0 
Seat 1: el_heniek (button) folded before Flop (didn't bet)
Seat 2: pipinoelbreve9 (small blind) folded before Flop
Seat 3: Crossnar (big blind) folded before Flop
Seat 4: titus&mus collected (€0.12)
Seat 5: yogo0707 folded before Flop (didn't bet)
Seat 6: EduPokerItu folded before Flop (didn't bet)



PokerStars Zoom Hand #259513402751:  Hold'em No Limit (€0.02/€0.05) - 2026/01/29 22:34:05 CET [2026/01/29 16:34:05 ET]
Table 'Asterope' 6-max Seat #1 is the button
Seat 1: pipinoelbreve9 (€5 in chips) 
Seat 2: Nimed (€10.60 in chips) 
Seat 3: MagicThot422 (€5.29 in chips) 
Seat 4: redoutable9367 (€16.70 in chips) 
Seat 5: fernando3768 (€2.28 in chips) 
Seat 6: pokerikb (€4.93 in chips) 
Nimed: posts small blind €0.02
MagicThot422: posts big blind €0.05
*** HOLE CARDS ***
Dealt to pipinoelbreve9 [6h 4d]
redoutable9367: calls €0.05
fernando3768: raises €0.17 to €0.22
pokerikb: folds 
pipinoelbreve9: folds 
Nimed: folds 
MagicThot422: folds 
redoutable9367: calls €0.17
*** FLOP *** [As 3h Tc]
redoutable9367: checks 
fernando3768: bets €0.24
redoutable9367: folds 
Uncalled bet (€0.24) returned to fernando3768
fernando3768 collected €0.48 from pot
fernando3768: doesn't show hand 
*** SUMMARY ***
Total pot €0.51 | Rake €0.03 
Board [As 3h Tc]
Seat 1: pipinoelbreve9 (button) folded before Flop (didn't bet)
Seat 2: Nimed (small blind) folded before Flop
Seat 3: MagicThot422 (big blind) folded before Flop
Seat 4: redoutable9367 folded on the Flop
Seat 5: fernando3768 collected (€0.48)
Seat 6: pokerikb folded before Flop (didn't bet)



PokerStars Zoom Hand #259513413650:  Hold'em No Limit (€0.02/€0.05) - 2026/01/29 22:34:48 CET [2026/01/29 16:34:48 ET]
Table 'Asterope' 6-max Seat #1 is the button
Seat 1: pipinoelbreve9 (€5.02 in chips) 
Seat 2: KingstaS13 (€8.03 in chips) 
Seat 3: PauloATDias (€8.72 in chips) 
Seat 4: redwoco (€5.12 in chips) 
Seat 5: pokerwin86 (€3.37 in chips) 
Seat 6: yogo0707 (€5.26 in chips) 
KingstaS13: posts small blind €0.02
PauloATDias: posts big blind €0.05
*** HOLE CARDS ***
Dealt to pipinoelbreve9 [Ah 2h]
redwoco: raises €0.20 to €0.25
pokerwin86: folds 
yogo0707: folds 
pipinoelbreve9: folds 
KingstaS13: folds 
PauloATDias: folds 
Uncalled bet (€0.20) returned to redwoco
redwoco collected €0.12 from pot
redwoco: doesn't show hand 
*** SUMMARY ***
Total pot €0.12 | Rake €0 
Seat 1: pipinoelbreve9 (button) folded before Flop (didn't bet)
Seat 2: KingstaS13 (small blind) folded before Flop
Seat 3: PauloATDias (big blind) folded before Flop
Seat 4: redwoco collected (€0.12)
Seat 5: pokerwin86 folded before Flop (didn't bet)
Seat 6: yogo0707 folded before Flop (didn't bet)



PokerStars Zoom Hand #259513419234:  Hold'em No Limit (€0.02/€0.05) - 2026/01/29 22:35:09 CET [2026/01/29 16:35:09 ET]
Table 'Asterope' 6-max Seat #1 is the button
Seat 1: vayewis (€7.71 in chips) 
Seat 2: pipinoelbreve9 (€5.02 in chips) 
Seat 3: Bertinho Gil (€4.95 in chips) 
Seat 4: redwoco (€4.88 in chips) 
Seat 5: yogo0707 (€5.20 in chips) 
Seat 6: manrik_1 (€4.42 in chips) 
pipinoelbreve9: posts small blind €0.02
Bertinho Gil: posts big blind €0.05
*** HOLE CARDS ***
Dealt to pipinoelbreve9 [3c 5c]
redwoco: raises €0.20 to €0.25
yogo0707: folds 
manrik_1: folds 
vayewis: folds 
pipinoelbreve9: folds 
Bertinho Gil: folds 
Uncalled bet (€0.20) returned to redwoco
redwoco collected €0.12 from pot
redwoco: doesn't show hand 
*** SUMMARY ***
Total pot €0.12 | Rake €0 
Seat 1: vayewis (button) folded before Flop (didn't bet)
Seat 2: pipinoelbreve9 (small blind) folded before Flop
Seat 3: Bertinho Gil (big blind) folded before Flop
Seat 4: redwoco collected (€0.12)
Seat 5: yogo0707 folded before Flop (didn't bet)
Seat 6: manrik_1 folded before Flop (didn't bet)



PokerStars Zoom Hand #259513420145:  Hold'em No Limit (€0.02/€0.05) - 2026/01/29 22:35:13 CET [2026/01/29 16:35:13 ET]
Table 'Asterope' 6-max Seat #1 is the button
Seat 1: chulinho10 (€5.29 in chips) 
Seat 2: vayewis (€7.71 in chips) 
Seat 3: yogo0707 (€5.20 in chips) 
Seat 4: martingebar (€9.87 in chips) 
Seat 5: Cathaysanauz (€5 in chips) 
Seat 6: pipinoelbreve9 (€5 in chips) 
vayewis: posts small blind €0.02
yogo0707: posts big blind €0.05
*** HOLE CARDS ***
Dealt to pipinoelbreve9 [Ts As]
martingebar: folds 
Cathaysanauz: folds 
pipinoelbreve9: raises €0.07 to €0.12
chulinho10: folds 
vayewis: folds 
yogo0707: folds 
Uncalled bet (€0.07) returned to pipinoelbreve9
pipinoelbreve9 collected €0.12 from pot
pipinoelbreve9: doesn't show hand 
*** SUMMARY ***
Total pot €0.12 | Rake €0 
Seat 1: chulinho10 (button) folded before Flop (didn't bet)
Seat 2: vayewis (small blind) folded before Flop
Seat 3: yogo0707 (big blind) folded before Flop
Seat 4: martingebar folded before Flop (didn't bet)
Seat 5: Cathaysanauz folded before Flop (didn't bet)
Seat 6: pipinoelbreve9 collected (€0.12)



PokerStars Zoom Hand #259513410768:  Hold'em No Limit (€0.02/€0.05) - 2026/01/29 22:34:36 CET [2026/01/29 16:34:36 ET]
Table 'Asterope' 6-max Seat #1 is the button
Seat 1: luiscosta82 (€6.02 in chips) 
Seat 2: NIHHIL0 (€10.51 in chips) 
Seat 3: Noray123 (€5.07 in chips) 
Seat 4: tiger-jor (€5.41 in chips) 
Seat 5: pipinoelbreve9 (€5.02 in chips) 
Seat 6: correcamiños (€5 in chips) 
NIHHIL0: posts small blind €0.02
Noray123: posts big blind €0.05
*** HOLE CARDS ***
Dealt to pipinoelbreve9 [Jh 4h]
tiger-jor: folds 
pipinoelbreve9: folds 
correcamiños: raises €0.10 to €0.15
luiscosta82: folds 
NIHHIL0: folds 
Noray123: calls €0.10
*** FLOP *** [3s Jc 2d]
Noray123: checks 
correcamiños: bets €0.10
Noray123: calls €0.10
*** TURN *** [3s Jc 2d] [2c]
Noray123: checks 
correcamiños: checks 
*** RIVER *** [3s Jc 2d 2c] [8s]
Noray123: bets €0.16
correcamiños: calls €0.16
*** SHOW DOWN ***
Noray123: shows [Td Js] (two pair, Jacks and Deuces)
correcamiños: mucks hand 
Noray123 collected €0.80 from pot
*** SUMMARY ***
Total pot €0.84 | Rake €0.04 
Board [3s Jc 2d 2c 8s]
Seat 1: luiscosta82 (button) folded before Flop (didn't bet)
Seat 2: NIHHIL0 (small blind) folded before Flop
Seat 3: Noray123 (big blind) showed [Td Js] and won (€0.80) with two pair, Jacks and Deuces
Seat 4: tiger-jor folded before Flop (didn't bet)
Seat 5: pipinoelbreve9 folded before Flop (didn't bet)
Seat 6: correcamiños mucked [6h 6d]



PokerStars Zoom Hand #259513424130:  Hold'em No Limit (€0.02/€0.05) - 2026/01/29 22:35:28 CET [2026/01/29 16:35:28 ET]
Table 'Asterope' 6-max Seat #1 is the button
Seat 1: Sophistês (€8.18 in chips) 
Seat 2: titus&mus (€5.13 in chips) 
Seat 3: Cathaysanauz (€5 in chips) 
Seat 4: pipinoelbreve9 (€5.07 in chips) 
Seat 5: Intraneon (€9.65 in chips) 
Seat 6: NIHHIL0 (€5 in chips) 
titus&mus: posts small blind €0.02
Cathaysanauz: posts big blind €0.05
*** HOLE CARDS ***
Dealt to pipinoelbreve9 [9d Ks]
pipinoelbreve9: folds 
Intraneon: raises €0.07 to €0.12
NIHHIL0: folds 
Sophistês: folds 
titus&mus: folds 
Cathaysanauz: folds 
Uncalled bet (€0.07) returned to Intraneon
Intraneon collected €0.12 from pot
Intraneon: doesn't show hand 
*** SUMMARY ***
Total pot €0.12 | Rake €0 
Seat 1: Sophistês (button) folded before Flop (didn't bet)
Seat 2: titus&mus (small blind) folded before Flop
Seat 3: Cathaysanauz (big blind) folded before Flop
Seat 4: pipinoelbreve9 folded before Flop (didn't bet)
Seat 5: Intraneon collected (€0.12)
Seat 6: NIHHIL0 folded before Flop (didn't bet)



PokerStars Zoom Hand #259513418395:  Hold'em No Limit (€0.02/€0.05) - 2026/01/29 22:35:06 CET [2026/01/29 16:35:06 ET]
Table 'Asterope' 6-max Seat #1 is the button
Seat 1: Faroc1426 (€1.65 in chips) 
Seat 2: fernando3768 (€2.47 in chips) 
Seat 3: Jumby34 (€7.71 in chips) 
Seat 4: elis4ever (€1.23 in chips) 
Seat 5: pipinoelbreve9 (€5.02 in chips) 
Seat 6: Cathaysanauz (€5 in chips) 
fernando3768: posts small blind €0.02
Jumby34: posts big blind €0.05
*** HOLE CARDS ***
Dealt to pipinoelbreve9 [9s 6c]
elis4ever: folds 
pipinoelbreve9: folds 
Cathaysanauz: folds 
Faroc1426: calls €0.05
fernando3768: folds 
Jumby34: checks 
*** FLOP *** [4d 6h 2h]
Jumby34: checks 
Faroc1426: checks 
*** TURN *** [4d 6h 2h] [9h]
Jumby34: checks 
Faroc1426: bets €0.15
Jumby34: folds 
Uncalled bet (€0.15) returned to Faroc1426
Faroc1426 collected €0.11 from pot
Faroc1426: doesn't show hand 
*** SUMMARY ***
Total pot €0.12 | Rake €0.01 
Board [4d 6h 2h 9h]
Seat 1: Faroc1426 (button) collected (€0.11)
Seat 2: fernando3768 (small blind) folded before Flop
Seat 3: Jumby34 (big blind) folded on the Turn
Seat 4: elis4ever folded before Flop (didn't bet)
Seat 5: pipinoelbreve9 folded before Flop (didn't bet)
Seat 6: Cathaysanauz folded before Flop (didn't bet)



PokerStars Zoom Hand #259513407596:  Hold'em No Limit (€0.02/€0.05) - 2026/01/29 22:34:24 CET [2026/01/29 16:34:24 ET]
Table 'Asterope' 6-max Seat #1 is the button
Seat 1: Crossnar (€8.71 in chips) 
Seat 2: Jumby34 (€5.39 in chips) 
Seat 3: Dragusin (€5.15 in chips) 
Seat 4: Jac-58 (€7.93 in chips) 
Seat 5: Bertinho Gil (€5.07 in chips) 
Seat 6: pipinoelbreve9 (€5.02 in chips) 
Jumby34: posts small blind €0.02
Dragusin: posts big blind €0.05
*** HOLE CARDS ***
Dealt to pipinoelbreve9 [5h 7d]
Jac-58: folds 
Bertinho Gil: folds 
pipinoelbreve9: folds 
Crossnar: raises €0.10 to €0.15
Jumby34: raises €0.30 to €0.45
Dragusin: calls €0.40
Crossnar: folds 
*** FLOP *** [7s 6s As]
Jumby34: checks 
Dragusin: checks 
*** TURN *** [7s 6s As] [Ad]
Jumby34: checks 
Dragusin: bets €0.50
Jumby34: calls €0.50
*** RIVER *** [7s 6s As Ad] [7c]
Jumby34: bets €0.50
Dragusin: calls €0.50
*** SHOW DOWN ***
Jumby34: shows [5c Ac] (a full house, Aces full of Sevens)
Dragusin: mucks hand 
Jumby34 collected €2.90 from pot
*** SUMMARY ***
Total pot €3.05 | Rake €0.15 
Board [7s 6s As Ad 7c]
Seat 1: Crossnar (button) folded before Flop
Seat 2: Jumby34 (small blind) showed [5c Ac] and won (€2.90) with a full house, Aces full of Sevens
Seat 3: Dragusin (big blind) mucked [Qh Qd]
Seat 4: Jac-58 folded before Flop (didn't bet)
Seat 5: Bertinho Gil folded before Flop (didn't bet)
Seat 6: pipinoelbreve9 folded before Flop (didn't bet)



PokerStars Zoom Hand #259513427911:  Hold'em No Limit (€0.02/€0.05) - 2026/01/29 22:35:44 CET [2026/01/29 16:35:44 ET]
Table 'Asterope' 6-max Seat #1 is the button
Seat 1: Crossnar (€10.01 in chips) 
Seat 2: frasein567 (€3.49 in chips) 
Seat 3: aaboga (€11.65 in chips) 
Seat 4: najas88 (€6.17 in chips) 
Seat 5: Noray123 (€5.44 in chips) 
Seat 6: pipinoelbreve9 (€5.02 in chips) 
frasein567: posts small blind €0.02
aaboga: posts big blind €0.05
*** HOLE CARDS ***
Dealt to pipinoelbreve9 [4d 5d]
najas88 is disconnected 
najas88 has timed out while disconnected
najas88: folds 
Noray123: raises €0.20 to €0.25
pipinoelbreve9: folds 
Crossnar: folds 
frasein567: folds 
aaboga: folds 
Uncalled bet (€0.20) returned to Noray123
Noray123 collected €0.12 from pot
Noray123: doesn't show hand 
*** SUMMARY ***
Total pot €0.12 | Rake €0 
Seat 1: Crossnar (button) folded before Flop (didn't bet)
Seat 2: frasein567 (small blind) folded before Flop
Seat 3: aaboga (big blind) folded before Flop
Seat 4: najas88 folded before Flop (didn't bet)
Seat 5: Noray123 collected (€0.12)
Seat 6: pipinoelbreve9 folded before Flop (didn't bet)



PokerStars Zoom Hand #259513425366:  Hold'em No Limit (€0.02/€0.05) - 2026/01/29 22:35:33 CET [2026/01/29 16:35:33 ET]
Table 'Asterope' 6-max Seat #1 is the button
Seat 1: KingstaS13 (€7.91 in chips) 
Seat 2: saint-imier (€5.55 in chips) 
Seat 3: pipinoelbreve9 (€5.07 in chips) 
Seat 4: yogo0707 (€5.15 in chips) 
Seat 5: Sophistês (€5.05 in chips) 
Seat 6: chulinho10 (€5.24 in chips) 
saint-imier: posts small blind €0.02
pipinoelbreve9: posts big blind €0.05
*** HOLE CARDS ***
Dealt to pipinoelbreve9 [4s Qc]
yogo0707: folds 
Sophistês: folds 
chulinho10: raises €0.10 to €0.15
KingstaS13: folds 
saint-imier: calls €0.13
pipinoelbreve9: folds 
*** FLOP *** [9s 3s 7d]
saint-imier: bets €0.11
chulinho10: calls €0.11
*** TURN *** [9s 3s 7d] [Jh]
saint-imier: checks 
chulinho10: checks 
*** RIVER *** [9s 3s 7d Jh] [6d]
saint-imier: bets €0.18
chulinho10: raises €0.90 to €1.08
saint-imier: folds 
Uncalled bet (€0.90) returned to chulinho10
chulinho10 collected €0.88 from pot
chulinho10: doesn't show hand 
*** SUMMARY ***
Total pot €0.93 | Rake €0.05 
Board [9s 3s 7d Jh 6d]
Seat 1: KingstaS13 (button) folded before Flop (didn't bet)
Seat 2: saint-imier (small blind) folded on the River
Seat 3: pipinoelbreve9 (big blind) folded before Flop
Seat 4: yogo0707 folded before Flop (didn't bet)
Seat 5: Sophistês folded before Flop (didn't bet)
Seat 6: chulinho10 collected (€0.88)



PokerStars Zoom Hand #259513435935:  Hold'em No Limit (€0.02/€0.05) - 2026/01/29 22:36:15 CET [2026/01/29 16:36:15 ET]
Table 'Asterope' 6-max Seat #1 is the button
Seat 1: Master220 (€4.16 in chips) 
Seat 2: NIHHIL0 (€9.52 in chips) 
Seat 3: frasein567 (€4.01 in chips) 
Seat 4: pipinoelbreve9 (€5 in chips) 
Seat 5: manrik_1 (€4.35 in chips) 
Seat 6: mmbc44 (€2.50 in chips) 
NIHHIL0: posts small blind €0.02
frasein567: posts big blind €0.05
*** HOLE CARDS ***
Dealt to pipinoelbreve9 [3d Qh]
pipinoelbreve9: folds 
manrik_1: raises €0.05 to €0.10
mmbc44: folds 
Master220: folds 
NIHHIL0: folds 
frasein567: folds 
Uncalled bet (€0.05) returned to manrik_1
manrik_1 collected €0.12 from pot
manrik_1: doesn't show hand 
*** SUMMARY ***
Total pot €0.12 | Rake €0 
Seat 1: Master220 (button) folded before Flop (didn't bet)
Seat 2: NIHHIL0 (small blind) folded before Flop
Seat 3: frasein567 (big blind) folded before Flop
Seat 4: pipinoelbreve9 folded before Flop (didn't bet)
Seat 5: manrik_1 collected (€0.12)
Seat 6: mmbc44 folded before Flop (didn't bet)



PokerStars Zoom Hand #259513434863:  Hold'em No Limit (€0.02/€0.05) - 2026/01/29 22:36:11 CET [2026/01/29 16:36:11 ET]
Table 'Asterope' 6-max Seat #1 is the button
Seat 1: Reshulon7 (€11.32 in chips) 
Seat 2: martingebar (€6 in chips) 
Seat 3: Bertinho Gil (€5.09 in chips) 
Seat 4: NamekWar (€16.31 in chips) 
Seat 5: pipinoelbreve9 (€5 in chips) 
Seat 6: manrik_1 (€4.35 in chips) 
martingebar: posts small blind €0.02
Bertinho Gil: posts big blind €0.05
*** HOLE CARDS ***
Dealt to pipinoelbreve9 [3c Jh]
NamekWar: folds 
pipinoelbreve9: folds 
manrik_1: folds 
Reshulon7: raises €0.10 to €0.15
martingebar: folds 
Bertinho Gil: folds 
Uncalled bet (€0.10) returned to Reshulon7
Reshulon7 collected €0.12 from pot
Reshulon7: doesn't show hand 
*** SUMMARY ***
Total pot €0.12 | Rake €0 
Seat 1: Reshulon7 (button) collected (€0.12)
Seat 2: martingebar (small blind) folded before Flop
Seat 3: Bertinho Gil (big blind) folded before Flop
Seat 4: NamekWar folded before Flop (didn't bet)
Seat 5: pipinoelbreve9 folded before Flop (didn't bet)
Seat 6: manrik_1 folded before Flop (didn't bet)



PokerStars Zoom Hand #259513437198:  Hold'em No Limit (€0.02/€0.05) - 2026/01/29 22:36:20 CET [2026/01/29 16:36:20 ET]
Table 'Asterope' 6-max Seat #1 is the button
Seat 1: pipinoelbreve9 (€5 in chips) 
Seat 2: redwoco (€2 in chips) 
Seat 3: EduPokerItu (€12.23 in chips) 
Seat 4: correcamiños (€5 in chips) 
Seat 5: ivansalgueiro (€3.91 in chips) 
Seat 6: martingebar (€5.98 in chips) 
redwoco: posts small blind €0.02
EduPokerItu: posts big blind €0.05
*** HOLE CARDS ***
Dealt to pipinoelbreve9 [Th 3c]
correcamiños: folds 
ivansalgueiro: folds 
martingebar: raises €0.10 to €0.15
pipinoelbreve9: folds 
redwoco: folds 
EduPokerItu: calls €0.10
*** FLOP *** [5h 4c Ks]
EduPokerItu: bets €0.15
martingebar: calls €0.15
*** TURN *** [5h 4c Ks] [7h]
EduPokerItu: bets €0.30
martingebar: calls €0.30
*** RIVER *** [5h 4c Ks 7h] [6d]
EduPokerItu: bets €0.58
martingebar: calls €0.58
*** SHOW DOWN ***
EduPokerItu: shows [Kh Jd] (a pair of Kings)
martingebar: shows [Kd Qc] (a pair of Kings - Queen kicker)
martingebar collected €2.26 from pot
*** SUMMARY ***
Total pot €2.38 | Rake €0.12 
Board [5h 4c Ks 7h 6d]
Seat 1: pipinoelbreve9 (button) folded before Flop (didn't bet)
Seat 2: redwoco (small blind) folded before Flop
Seat 3: EduPokerItu (big blind) showed [Kh Jd] and lost with a pair of Kings
Seat 4: correcamiños folded before Flop (didn't bet)
Seat 5: ivansalgueiro folded before Flop (didn't bet)
Seat 6: martingebar showed [Kd Qc] and won (€2.26) with a pair of Kings



PokerStars Zoom Hand #259513433096:  Hold'em No Limit (€0.02/€0.05) - 2026/01/29 22:36:04 CET [2026/01/29 16:36:04 ET]
Table 'Asterope' 6-max Seat #1 is the button
Seat 1: pipinoelbreve9 (€5 in chips) 
Seat 2: technoboy72 (€8.47 in chips) 
Seat 3: correcamiños (€5 in chips) 
Seat 4: pokerikb (€5 in chips) 
Seat 5: Reshulon7 (€11.32 in chips) 
Seat 6: redwoco (€3.26 in chips) 
technoboy72: posts small blind €0.02
correcamiños: posts big blind €0.05
*** HOLE CARDS ***
Dealt to pipinoelbreve9 [9c 5h]
pokerikb: folds 
Reshulon7: folds 
redwoco: folds 
pipinoelbreve9: folds 
technoboy72: raises €0.10 to €0.15
correcamiños: calls €0.10
*** FLOP *** [8c Ac 7c]
technoboy72: bets €0.14
correcamiños: calls €0.14
*** TURN *** [8c Ac 7c] [Qd]
technoboy72: checks 
correcamiños: bets €0.55
technoboy72: folds 
Uncalled bet (€0.55) returned to correcamiños
correcamiños collected €0.55 from pot
correcamiños: doesn't show hand 
*** SUMMARY ***
Total pot €0.58 | Rake €0.03 
Board [8c Ac 7c Qd]
Seat 1: pipinoelbreve9 (button) folded before Flop (didn't bet)
Seat 2: technoboy72 (small blind) folded on the Turn
Seat 3: correcamiños (big blind) collected (€0.55)
Seat 4: pokerikb folded before Flop (didn't bet)
Seat 5: Reshulon7 folded before Flop (didn't bet)
Seat 6: redwoco folded before Flop (didn't bet)



PokerStars Zoom Hand #259513433879:  Hold'em No Limit (€0.02/€0.05) - 2026/01/29 22:36:07 CET [2026/01/29 16:36:07 ET]
Table 'Asterope' 6-max Seat #1 is the button
Seat 1: Dragusin (€5.62 in chips) 
Seat 2: Intraneon (€7.94 in chips) 
Seat 3: pokerwin86 (€2 in chips) 
Seat 4: pipinoelbreve9 (€5 in chips) 
Seat 5: NamekWar (€16.31 in chips) 
Seat 6: yogo0707 (€5.13 in chips) 
Intraneon: posts small blind €0.02
pokerwin86: posts big blind €0.05
*** HOLE CARDS ***
Dealt to pipinoelbreve9 [Th 9s]
pipinoelbreve9: folds 
NamekWar: folds 
yogo0707: raises €0.07 to €0.12
Dragusin: folds 
Intraneon: folds 
pokerwin86: calls €0.07
*** FLOP *** [3c Kd 5d]
pokerwin86: checks 
yogo0707: checks 
*** TURN *** [3c Kd 5d] [5h]
pokerwin86: checks 
yogo0707: checks 
*** RIVER *** [3c Kd 5d 5h] [8s]
pokerwin86: bets €0.25
yogo0707: folds 
Uncalled bet (€0.25) returned to pokerwin86
pokerwin86 collected €0.25 from pot
pokerwin86: doesn't show hand 
*** SUMMARY ***
Total pot €0.26 | Rake €0.01 
Board [3c Kd 5d 5h 8s]
Seat 1: Dragusin (button) folded before Flop (didn't bet)
Seat 2: Intraneon (small blind) folded before Flop
Seat 3: pokerwin86 (big blind) collected (€0.25)
Seat 4: pipinoelbreve9 folded before Flop (didn't bet)
Seat 5: NamekWar folded before Flop (didn't bet)
Seat 6: yogo0707 folded on the River



PokerStars Zoom Hand #259513438213:  Hold'em No Limit (€0.02/€0.05) - 2026/01/29 22:36:23 CET [2026/01/29 16:36:23 ET]
Table 'Asterope' 6-max Seat #1 is the button
Seat 1: Intraneon (€9.58 in chips) 
Seat 2: correcamiños (€5 in chips) 
Seat 3: pipinoelbreve9 (€5 in chips) 
Seat 4: el_heniek (€4.39 in chips) 
Seat 5: NIHHIL0 (€10.17 in chips) 
Seat 6: titus&mus (€6.54 in chips) 
correcamiños: posts small blind €0.02
pipinoelbreve9: posts big blind €0.05
*** HOLE CARDS ***
Dealt to pipinoelbreve9 [Jc Qc]
el_heniek: folds 
NIHHIL0: folds 
titus&mus: folds 
Intraneon: raises €0.07 to €0.12
correcamiños: folds 
pipinoelbreve9: raises €0.43 to €0.55
Intraneon: calls €0.43
*** FLOP *** [6s 9s 8c]
pipinoelbreve9: bets €0.35
Intraneon: calls €0.35
*** TURN *** [6s 9s 8c] [Qh]
pipinoelbreve9: bets €1.14
Intraneon: calls €1.14
*** RIVER *** [6s 9s 8c Qh] [Tc]
pipinoelbreve9: bets €2.96 and is all-in
Intraneon: calls €2.96
*** SHOW DOWN ***
pipinoelbreve9: shows [Jc Qc] (a straight, Eight to Queen)
Intraneon: shows [As Js] (a straight, Eight to Queen)
pipinoelbreve9 collected €4.76 from pot
Intraneon collected €4.76 from pot
*** SUMMARY ***
Total pot €10.02 | Rake €0.50 
Board [6s 9s 8c Qh Tc]
Seat 1: Intraneon (button) showed [As Js] and won (€4.76) with a straight, Eight to Queen
Seat 2: correcamiños (small blind) folded before Flop
Seat 3: pipinoelbreve9 (big blind) showed [Jc Qc] and won (€4.76) with a straight, Eight to Queen
Seat 4: el_heniek folded before Flop (didn't bet)
Seat 5: NIHHIL0 folded before Flop (didn't bet)
Seat 6: titus&mus folded before Flop (didn't bet)



PokerStars Zoom Hand #259513454743:  Hold'em No Limit (€0.02/€0.05) - 2026/01/29 22:37:29 CET [2026/01/29 16:37:29 ET]
Table 'Asterope' 6-max Seat #1 is the button
Seat 1: frasein567 (€3.29 in chips) 
Seat 2: pipinoelbreve9 (€5 in chips) 
Seat 3: carismanismo (€4.40 in chips) 
Seat 4: kaiserr_sose (€9.76 in chips) 
Seat 5: EduPokerItu (€11.21 in chips) 
Seat 6: martingebar (€9.96 in chips) 
pipinoelbreve9: posts small blind €0.02
carismanismo: posts big blind €0.05
*** HOLE CARDS ***
Dealt to pipinoelbreve9 [8c 5d]
kaiserr_sose: folds 
EduPokerItu: folds 
martingebar: folds 
frasein567: folds 
pipinoelbreve9: folds 
Uncalled bet (€0.03) returned to carismanismo
carismanismo collected €0.04 from pot
carismanismo: doesn't show hand 
*** SUMMARY ***
Total pot €0.04 | Rake €0 
Seat 1: frasein567 (button) folded before Flop (didn't bet)
Seat 2: pipinoelbreve9 (small blind) folded before Flop
Seat 3: carismanismo (big blind) collected (€0.04)
Seat 4: kaiserr_sose folded before Flop (didn't bet)
Seat 5: EduPokerItu folded before Flop (didn't bet)
Seat 6: martingebar folded before Flop (didn't bet)



PokerStars Zoom Hand #259513432201:  Hold'em No Limit (€0.02/€0.05) - 2026/01/29 22:36:00 CET [2026/01/29 16:36:00 ET]
Table 'Asterope' 6-max Seat #1 is the button
Seat 1: Dragusin (€5.51 in chips) 
Seat 2: pipinoelbreve9 (€5.02 in chips) 
Seat 3: Angelfs7 (€12.05 in chips) 
Seat 4: Crossnar (€9.99 in chips) 
Seat 5: jonyseixo (€3.06 in chips) 
Seat 6: nellussus (€17.12 in chips) 
pipinoelbreve9: posts small blind €0.02
Angelfs7: posts big blind €0.05
*** HOLE CARDS ***
Dealt to pipinoelbreve9 [8c 3s]
Crossnar: folds 
jonyseixo: folds 
nellussus: raises €0.10 to €0.15
Dragusin: folds 
pipinoelbreve9: folds 
Angelfs7: calls €0.10
*** FLOP *** [Jc Ac 4d]
Angelfs7: checks 
nellussus: bets €0.18
Angelfs7: calls €0.18
*** TURN *** [Jc Ac 4d] [2h]
Angelfs7: checks 
nellussus: checks 
*** RIVER *** [Jc Ac 4d 2h] [Kd]
Angelfs7: bets €0.50
nellussus: folds 
Uncalled bet (€0.50) returned to Angelfs7
Angelfs7 collected €0.65 from pot
Angelfs7: doesn't show hand 
*** SUMMARY ***
Total pot €0.68 | Rake €0.03 
Board [Jc Ac 4d 2h Kd]
Seat 1: Dragusin (button) folded before Flop (didn't bet)
Seat 2: pipinoelbreve9 (small blind) folded before Flop
Seat 3: Angelfs7 (big blind) collected (€0.65)
Seat 4: Crossnar folded before Flop (didn't bet)
Seat 5: jonyseixo folded before Flop (didn't bet)
Seat 6: nellussus folded on the River



PokerStars Zoom Hand #259513457398:  Hold'em No Limit (€0.02/€0.05) - 2026/01/29 22:37:40 CET [2026/01/29 16:37:40 ET]
Table 'Asterope' 6-max Seat #1 is the button
Seat 1: EronMobius (€6.69 in chips) 
Seat 2: el_heniek (€3.89 in chips) 
Seat 3: olijmandrea (€6.96 in chips) 
Seat 4: Nimed (€10.81 in chips) 
Seat 5: yogo0707 (€5 in chips) 
Seat 6: pipinoelbreve9 (€5 in chips) 
el_heniek: posts small blind €0.02
olijmandrea: posts big blind €0.05
*** HOLE CARDS ***
Dealt to pipinoelbreve9 [8c 4c]
Nimed: folds 
yogo0707: raises €0.07 to €0.12
pipinoelbreve9: folds 
EronMobius: folds 
el_heniek: folds 
olijmandrea: calls €0.07
*** FLOP *** [Qd 2c 8d]
olijmandrea: checks 
yogo0707: bets €0.08
olijmandrea: folds 
Uncalled bet (€0.08) returned to yogo0707
yogo0707 collected €0.25 from pot
yogo0707: doesn't show hand 
*** SUMMARY ***
Total pot €0.26 | Rake €0.01 
Board [Qd 2c 8d]
Seat 1: EronMobius (button) folded before Flop (didn't bet)
Seat 2: el_heniek (small blind) folded before Flop
Seat 3: olijmandrea (big blind) folded on the Flop
Seat 4: Nimed folded before Flop (didn't bet)
Seat 5: yogo0707 collected (€0.25)
Seat 6: pipinoelbreve9 folded before Flop (didn't bet)



PokerStars Zoom Hand #259513459176:  Hold'em No Limit (€0.02/€0.05) - 2026/01/29 22:37:46 CET [2026/01/29 16:37:46 ET]
Table 'Asterope' 6-max Seat #1 is the button
Seat 1: nellussus (€16.79 in chips) 
Seat 2: crevi_066 (€5.67 in chips) 
Seat 3: EronMobius (€6.69 in chips) 
Seat 4: pipinoelbreve9 (€5 in chips) 
Seat 5: lulula24 (€5.07 in chips) 
Seat 6: Jumby34 (€6.55 in chips) 
crevi_066: posts small blind €0.02
EronMobius: posts big blind €0.05
*** HOLE CARDS ***
Dealt to pipinoelbreve9 [7h 7c]
pipinoelbreve9: raises €0.07 to €0.12
lulula24: folds 
Jumby34: raises €0.28 to €0.40
nellussus: folds 
crevi_066: folds 
EronMobius: folds 
pipinoelbreve9: calls €0.28
*** FLOP *** [3h 8s 4h]
pipinoelbreve9: checks 
Jumby34: bets €0.40
pipinoelbreve9: calls €0.40
*** TURN *** [3h 8s 4h] [Ks]
pipinoelbreve9: checks 
Jumby34: bets €1.35
pipinoelbreve9: calls €1.35
*** RIVER *** [3h 8s 4h Ks] [Js]
pipinoelbreve9: checks 
Jumby34: bets €4.40 and is all-in
pipinoelbreve9: calls €2.85 and is all-in
Uncalled bet (€1.55) returned to Jumby34
*** SHOW DOWN ***
Jumby34: shows [7d 2s] (high card King)
pipinoelbreve9: shows [7h 7c] (a pair of Sevens)
pipinoelbreve9 collected €9.57 from pot
*** SUMMARY ***
Total pot €10.07 | Rake €0.50 
Board [3h 8s 4h Ks Js]
Seat 1: nellussus (button) folded before Flop (didn't bet)
Seat 2: crevi_066 (small blind) folded before Flop
Seat 3: EronMobius (big blind) folded before Flop
Seat 4: pipinoelbreve9 showed [7h 7c] and won (€9.57) with a pair of Sevens
Seat 5: lulula24 folded before Flop (didn't bet)
Seat 6: Jumby34 showed [7d 2s] and lost with high card King



PokerStars Zoom Hand #259513478689:  Hold'em No Limit (€0.02/€0.05) - 2026/01/29 22:39:03 CET [2026/01/29 16:39:03 ET]
Table 'Asterope' 6-max Seat #1 is the button
Seat 1: Intraneon (€7.73 in chips) 
Seat 2: Master220 (€4.57 in chips) 
Seat 3: Dragusin (€5.98 in chips) 
Seat 4: martingebar (€7.10 in chips) 
Seat 5: pipinoelbreve9 (€9.57 in chips) 
Seat 6: GleQbenny (€6.73 in chips) 
Master220: posts small blind €0.02
Dragusin: posts big blind €0.05
*** HOLE CARDS ***
Dealt to pipinoelbreve9 [6d 4h]
martingebar: folds 
pipinoelbreve9: folds 
GleQbenny: raises €0.05 to €0.10
Intraneon: folds 
Master220: folds 
Dragusin: folds 
Uncalled bet (€0.05) returned to GleQbenny
GleQbenny collected €0.12 from pot
GleQbenny: doesn't show hand 
*** SUMMARY ***
Total pot €0.12 | Rake €0 
Seat 1: Intraneon (button) folded before Flop (didn't bet)
Seat 2: Master220 (small blind) folded before Flop
Seat 3: Dragusin (big blind) folded before Flop
Seat 4: martingebar folded before Flop (didn't bet)
Seat 5: pipinoelbreve9 folded before Flop (didn't bet)
Seat 6: GleQbenny collected (€0.12)



PokerStars Zoom Hand #259513482431:  Hold'em No Limit (€0.02/€0.05) - 2026/01/29 22:39:18 CET [2026/01/29 16:39:18 ET]
Table 'Asterope' 6-max Seat #1 is the button
Seat 1: Dragusin (€5 in chips) 
Seat 2: pipinoelbreve9 (€9.52 in chips) 
Seat 3: MagicThot422 (€5.26 in chips) 
Seat 4: Baumito (€8.06 in chips) 
Seat 5: estraboucha (€3.33 in chips) 
Seat 6: kaiserr_sose (€5.52 in chips) 
pipinoelbreve9: posts small blind €0.02
MagicThot422: posts big blind €0.05
*** HOLE CARDS ***
Dealt to pipinoelbreve9 [3h Qh]
Baumito: folds 
estraboucha: calls €0.05
kaiserr_sose: folds 
Dragusin: folds 
pipinoelbreve9: folds 
MagicThot422: checks 
*** FLOP *** [Jd 7s 2s]
MagicThot422: checks 
estraboucha: bets €0.05
MagicThot422: folds 
Uncalled bet (€0.05) returned to estraboucha
estraboucha collected €0.11 from pot
estraboucha: doesn't show hand 
*** SUMMARY ***
Total pot €0.12 | Rake €0.01 
Board [Jd 7s 2s]
Seat 1: Dragusin (button) folded before Flop (didn't bet)
Seat 2: pipinoelbreve9 (small blind) folded before Flop
Seat 3: MagicThot422 (big blind) folded on the Flop
Seat 4: Baumito folded before Flop (didn't bet)
Seat 5: estraboucha collected (€0.11)
Seat 6: kaiserr_sose folded before Flop (didn't bet)



PokerStars Zoom Hand #259513484914:  Hold'em No Limit (€0.02/€0.05) - 2026/01/29 22:39:27 CET [2026/01/29 16:39:27 ET]
Table 'Asterope' 6-max Seat #1 is the button
Seat 1: pipinoelbreve9 (€9.50 in chips) 
Seat 2: Cathaysanauz (€5.08 in chips) 
Seat 3: kaiserr_sose (€5.52 in chips) 
Seat 4: Dragusin (€5.43 in chips) 
Seat 5: MagicThot422 (€5.03 in chips) 
Seat 6: chulinho10 (€5.97 in chips) 
Cathaysanauz: posts small blind €0.02
kaiserr_sose: posts big blind €0.05
*** HOLE CARDS ***
Dealt to pipinoelbreve9 [4d As]
Dragusin: folds 
MagicThot422: folds 
chulinho10: folds 
pipinoelbreve9: folds 
Cathaysanauz: folds 
Uncalled bet (€0.03) returned to kaiserr_sose
kaiserr_sose collected €0.04 from pot
kaiserr_sose: doesn't show hand 
*** SUMMARY ***
Total pot €0.04 | Rake €0 
Seat 1: pipinoelbreve9 (button) folded before Flop (didn't bet)
Seat 2: Cathaysanauz (small blind) folded before Flop
Seat 3: kaiserr_sose (big blind) collected (€0.04)
Seat 4: Dragusin folded before Flop (didn't bet)
Seat 5: MagicThot422 folded before Flop (didn't bet)
Seat 6: chulinho10 folded before Flop (didn't bet)



PokerStars Zoom Hand #259513487332:  Hold'em No Limit (€0.02/€0.05) - 2026/01/29 22:39:37 CET [2026/01/29 16:39:37 ET]
Table 'Asterope' 6-max Seat #1 is the button
Seat 1: yogo0707 (€5.20 in chips) 
Seat 2: MagicThot422 (€5.31 in chips) 
Seat 3: estraboucha (€3.39 in chips) 
Seat 4: pipinoelbreve9 (€9.50 in chips) 
Seat 5: carismanismo (€4.76 in chips) 
Seat 6: Brais Noron (€6 in chips) 
MagicThot422: posts small blind €0.02
estraboucha: posts big blind €0.05
*** HOLE CARDS ***
Dealt to pipinoelbreve9 [9c Ks]
pipinoelbreve9: folds 
carismanismo: raises €0.12 to €0.17
Brais Noron: folds 
yogo0707: folds 
MagicThot422: folds 
estraboucha: folds 
Uncalled bet (€0.12) returned to carismanismo
carismanismo collected €0.12 from pot
carismanismo: doesn't show hand 
*** SUMMARY ***
Total pot €0.12 | Rake €0 
Seat 1: yogo0707 (button) folded before Flop (didn't bet)
Seat 2: MagicThot422 (small blind) folded before Flop
Seat 3: estraboucha (big blind) folded before Flop
Seat 4: pipinoelbreve9 folded before Flop (didn't bet)
Seat 5: carismanismo collected (€0.12)
Seat 6: Brais Noron folded before Flop (didn't bet)



PokerStars Zoom Hand #259513480372:  Hold'em No Limit (€0.02/€0.05) - 2026/01/29 22:39:09 CET [2026/01/29 16:39:09 ET]
Table 'Asterope' 6-max Seat #1 is the button
Seat 1: Baumito (€8.06 in chips) 
Seat 2: petete659 (€2.76 in chips) 
Seat 3: pipinoelbreve9 (€9.57 in chips) 
Seat 4: lulula24 (€5.05 in chips) 
Seat 5: manrik_1 (€4.16 in chips) 
Seat 6: HuuGo02 (€3.72 in chips) 
petete659: posts small blind €0.02
pipinoelbreve9: posts big blind €0.05
*** HOLE CARDS ***
Dealt to pipinoelbreve9 [3s 5h]
lulula24: folds 
manrik_1: folds 
HuuGo02: raises €0.07 to €0.12
Baumito: folds 
petete659: raises €0.32 to €0.44
pipinoelbreve9: folds 
HuuGo02: calls €0.32
*** FLOP *** [7d 3h Qh]
petete659: bets €0.44
HuuGo02: raises €0.93 to €1.37
petete659: folds 
Uncalled bet (€0.93) returned to HuuGo02
HuuGo02 collected €1.72 from pot
HuuGo02: doesn't show hand 
*** SUMMARY ***
Total pot €1.81 | Rake €0.09 
Board [7d 3h Qh]
Seat 1: Baumito (button) folded before Flop (didn't bet)
Seat 2: petete659 (small blind) folded on the Flop
Seat 3: pipinoelbreve9 (big blind) folded before Flop
Seat 4: lulula24 folded before Flop (didn't bet)
Seat 5: manrik_1 folded before Flop (didn't bet)
Seat 6: HuuGo02 collected (€1.72)



PokerStars Zoom Hand #259513488720:  Hold'em No Limit (€0.02/€0.05) - 2026/01/29 22:39:42 CET [2026/01/29 16:39:42 ET]
Table 'Asterope' 6-max Seat #1 is the button
Seat 1: Intraneon (€8.36 in chips) 
Seat 2: MagicThot422 (€5 in chips) 
Seat 3: pipinoelbreve9 (€9.50 in chips) 
Seat 4: el_heniek (€3.75 in chips) 
Seat 5: pokerwin86 (€1.96 in chips) 
Seat 6: Dragusin (€11.63 in chips) 
MagicThot422: posts small blind €0.02
pipinoelbreve9: posts big blind €0.05
*** HOLE CARDS ***
Dealt to pipinoelbreve9 [7s 3c]
el_heniek: folds 
pokerwin86: raises €0.05 to €0.10
Dragusin: folds 
Intraneon: folds 
MagicThot422: folds 
pipinoelbreve9: folds 
Uncalled bet (€0.05) returned to pokerwin86
pokerwin86 collected €0.12 from pot
pokerwin86: doesn't show hand 
*** SUMMARY ***
Total pot €0.12 | Rake €0 
Seat 1: Intraneon (button) folded before Flop (didn't bet)
Seat 2: MagicThot422 (small blind) folded before Flop
Seat 3: pipinoelbreve9 (big blind) folded before Flop
Seat 4: el_heniek folded before Flop (didn't bet)
Seat 5: pokerwin86 collected (€0.12)
Seat 6: Dragusin folded before Flop (didn't bet)



PokerStars Zoom Hand #259513492406:  Hold'em No Limit (€0.02/€0.05) - 2026/01/29 22:39:57 CET [2026/01/29 16:39:57 ET]
Table 'Asterope' 6-max Seat #1 is the button
Seat 1: Jumby34 (€7.89 in chips) 
Seat 2: Brais Noron (€5.95 in chips) 
Seat 3: petete659 (€1.88 in chips) 
Seat 4: Angelfs7 (€5.10 in chips) 
Seat 5: pipinoelbreve9 (€9.45 in chips) 
Seat 6: MagicThot422 (€5.29 in chips) 
Brais Noron: posts small blind €0.02
petete659: posts big blind €0.05
*** HOLE CARDS ***
Dealt to pipinoelbreve9 [Ts Jd]
Angelfs7: folds 
pipinoelbreve9: folds 
MagicThot422: folds 
Jumby34: raises €0.12 to €0.17
Brais Noron: folds 
petete659: folds 
Uncalled bet (€0.12) returned to Jumby34
Jumby34 collected €0.12 from pot
Jumby34: doesn't show hand 
*** SUMMARY ***
Total pot €0.12 | Rake €0 
Seat 1: Jumby34 (button) collected (€0.12)
Seat 2: Brais Noron (small blind) folded before Flop
Seat 3: petete659 (big blind) folded before Flop
Seat 4: Angelfs7 folded before Flop (didn't bet)
Seat 5: pipinoelbreve9 folded before Flop (didn't bet)
Seat 6: MagicThot422 folded before Flop (didn't bet)



PokerStars Zoom Hand #259513486212:  Hold'em No Limit (€0.02/€0.05) - 2026/01/29 22:39:33 CET [2026/01/29 16:39:33 ET]
Table 'Asterope' 6-max Seat #1 is the button
Seat 1: mmbc44 (€2.50 in chips) 
Seat 2: Intraneon (€8.38 in chips) 
Seat 3: correcamiños (€5.91 in chips) 
Seat 4: ivansalgueiro (€4.23 in chips) 
Seat 5: fernando3768 (€3.49 in chips) 
Seat 6: pipinoelbreve9 (€9.50 in chips) 
Intraneon: posts small blind €0.02
correcamiños: posts big blind €0.05
*** HOLE CARDS ***
Dealt to pipinoelbreve9 [6s 3c]
ivansalgueiro: calls €0.05
fernando3768: raises €0.13 to €0.18
pipinoelbreve9: folds 
mmbc44: folds 
Intraneon: folds 
correcamiños: folds 
ivansalgueiro: calls €0.13
*** FLOP *** [Js 6d Jh]
ivansalgueiro: checks 
fernando3768: bets €0.21
ivansalgueiro: folds 
Uncalled bet (€0.21) returned to fernando3768
fernando3768 collected €0.41 from pot
fernando3768: doesn't show hand 
*** SUMMARY ***
Total pot €0.43 | Rake €0.02 
Board [Js 6d Jh]
Seat 1: mmbc44 (button) folded before Flop (didn't bet)
Seat 2: Intraneon (small blind) folded before Flop
Seat 3: correcamiños (big blind) folded before Flop
Seat 4: ivansalgueiro folded on the Flop
Seat 5: fernando3768 collected (€0.41)
Seat 6: pipinoelbreve9 folded before Flop (didn't bet)



PokerStars Zoom Hand #259513494844:  Hold'em No Limit (€0.02/€0.05) - 2026/01/29 22:40:06 CET [2026/01/29 16:40:06 ET]
Table 'Asterope' 6-max Seat #1 is the button
Seat 1: pipinoelbreve9 (€9.45 in chips) 
Seat 2: correcamiños (€6.12 in chips) 
Seat 3: Bertinho Gil (€5.76 in chips) 
Seat 4: titipro1905 (€14.93 in chips) 
Seat 5: EronMobius (€6.06 in chips) 
Seat 6: tiger-jor (€5.45 in chips) 
correcamiños: posts small blind €0.02
Bertinho Gil: posts big blind €0.05
*** HOLE CARDS ***
Dealt to pipinoelbreve9 [6h Tc]
titipro1905: folds 
EronMobius: folds 
tiger-jor: folds 
pipinoelbreve9: folds 
correcamiños: folds 
Uncalled bet (€0.03) returned to Bertinho Gil
Bertinho Gil collected €0.04 from pot
Bertinho Gil: doesn't show hand 
*** SUMMARY ***
Total pot €0.04 | Rake €0 
Seat 1: pipinoelbreve9 (button) folded before Flop (didn't bet)
Seat 2: correcamiños (small blind) folded before Flop
Seat 3: Bertinho Gil (big blind) collected (€0.04)
Seat 4: titipro1905 folded before Flop (didn't bet)
Seat 5: EronMobius folded before Flop (didn't bet)
Seat 6: tiger-jor folded before Flop (didn't bet)



PokerStars Zoom Hand #259513497087:  Hold'em No Limit (€0.02/€0.05) - 2026/01/29 22:40:15 CET [2026/01/29 16:40:15 ET]
Table 'Asterope' 6-max Seat #1 is the button
Seat 1: Angelfs7 (€13.19 in chips) 
Seat 2: pipinoelbreve9 (€9.45 in chips) 
Seat 3: el_heniek (€5.27 in chips) 
Seat 4: Crossnar (€8.30 in chips) 
Seat 5: martingebar (€7.10 in chips) 
Seat 6: Baumito (€8.10 in chips) 
pipinoelbreve9: posts small blind €0.02
el_heniek: posts big blind €0.05
*** HOLE CARDS ***
Dealt to pipinoelbreve9 [4s Jh]
Crossnar: folds 
martingebar: folds 
Baumito: folds 
Angelfs7: folds 
pipinoelbreve9: folds 
Uncalled bet (€0.03) returned to el_heniek
el_heniek collected €0.04 from pot
el_heniek: doesn't show hand 
*** SUMMARY ***
Total pot €0.04 | Rake €0 
Seat 1: Angelfs7 (button) folded before Flop (didn't bet)
Seat 2: pipinoelbreve9 (small blind) folded before Flop
Seat 3: el_heniek (big blind) collected (€0.04)
Seat 4: Crossnar folded before Flop (didn't bet)
Seat 5: martingebar folded before Flop (didn't bet)
Seat 6: Baumito folded before Flop (didn't bet)



PokerStars Zoom Hand #259513498103:  Hold'em No Limit (€0.02/€0.05) - 2026/01/29 22:40:19 CET [2026/01/29 16:40:19 ET]
Table 'Asterope' 6-max Seat #1 is the button
Seat 1: redwoco (€3.28 in chips) 
Seat 2: Jumby34 (€5.59 in chips) 
Seat 3: MagicThot422 (€5.29 in chips) 
Seat 4: saint-imier (€5 in chips) 
Seat 5: bounistars (€3.73 in chips) 
Seat 6: pipinoelbreve9 (€9.43 in chips) 
Jumby34: posts small blind €0.02
MagicThot422: posts big blind €0.05
*** HOLE CARDS ***
Dealt to pipinoelbreve9 [As 2h]
saint-imier: folds 
bounistars: folds 
pipinoelbreve9: folds 
redwoco: folds 
Jumby34: folds 
Uncalled bet (€0.03) returned to MagicThot422
MagicThot422 collected €0.04 from pot
MagicThot422: doesn't show hand 
*** SUMMARY ***
Total pot €0.04 | Rake €0 
Seat 1: redwoco (button) folded before Flop (didn't bet)
Seat 2: Jumby34 (small blind) folded before Flop
Seat 3: MagicThot422 (big blind) collected (€0.04)
Seat 4: saint-imier folded before Flop (didn't bet)
Seat 5: bounistars folded before Flop (didn't bet)
Seat 6: pipinoelbreve9 folded before Flop (didn't bet)



PokerStars Zoom Hand #259513499858:  Hold'em No Limit (€0.02/€0.05) - 2026/01/29 22:40:26 CET [2026/01/29 16:40:26 ET]
Table 'Asterope' 6-max Seat #1 is the button
Seat 1: NamekWar (€16.37 in chips) 
Seat 2: L4B4R1K (€2.02 in chips) 
Seat 3: Dragusin (€5.50 in chips) 
Seat 4: redwoco (€3.28 in chips) 
Seat 5: pipinoelbreve9 (€9.43 in chips) 
Seat 6: correcamiños (€6.10 in chips) 
L4B4R1K: posts small blind €0.02
Dragusin: posts big blind €0.05
*** HOLE CARDS ***
Dealt to pipinoelbreve9 [4s 6d]
redwoco: folds 
pipinoelbreve9: folds 
correcamiños: raises €0.10 to €0.15
NamekWar: folds 
L4B4R1K: folds 
Dragusin: folds 
Uncalled bet (€0.10) returned to correcamiños
correcamiños collected €0.12 from pot
correcamiños: doesn't show hand 
*** SUMMARY ***
Total pot €0.12 | Rake €0 
Seat 1: NamekWar (button) folded before Flop (didn't bet)
Seat 2: L4B4R1K (small blind) folded before Flop
Seat 3: Dragusin (big blind) folded before Flop
Seat 4: redwoco folded before Flop (didn't bet)
Seat 5: pipinoelbreve9 folded before Flop (didn't bet)
Seat 6: correcamiños collected (€0.12)



PokerStars Zoom Hand #259513501917:  Hold'em No Limit (€0.02/€0.05) - 2026/01/29 22:40:34 CET [2026/01/29 16:40:34 ET]
Table 'Asterope' 6-max Seat #1 is the button
Seat 1: Noray123 (€5.07 in chips) 
Seat 2: kaiserr_sose (€12.38 in chips) 
Seat 3: manrik_1 (€4.23 in chips) 
Seat 4: pipinoelbreve9 (€9.43 in chips) 
Seat 5: Jumby34 (€7.13 in chips) 
Seat 6: Intraneon (€5.31 in chips) 
kaiserr_sose: posts small blind €0.02
manrik_1: posts big blind €0.05
*** HOLE CARDS ***
Dealt to pipinoelbreve9 [6s 9d]
pipinoelbreve9: folds 
Jumby34: folds 
Intraneon: folds 
Noray123: raises €0.07 to €0.12
kaiserr_sose: folds 
manrik_1: folds 
Uncalled bet (€0.07) returned to Noray123
Noray123 collected €0.12 from pot
Noray123: doesn't show hand 
*** SUMMARY ***
Total pot €0.12 | Rake €0 
Seat 1: Noray123 (button) collected (€0.12)
Seat 2: kaiserr_sose (small blind) folded before Flop
Seat 3: manrik_1 (big blind) folded before Flop
Seat 4: pipinoelbreve9 folded before Flop (didn't bet)
Seat 5: Jumby34 folded before Flop (didn't bet)
Seat 6: Intraneon folded before Flop (didn't bet)



PokerStars Zoom Hand #259513502662:  Hold'em No Limit (€0.02/€0.05) - 2026/01/29 22:40:37 CET [2026/01/29 16:40:37 ET]
Table 'Asterope' 6-max Seat #1 is the button
Seat 1: sosobilete (€5.13 in chips) 
Seat 2: el_heniek (€3.70 in chips) 
Seat 3: LEXTORMUR (€4 in chips) 
Seat 4: titus&mus (€7.82 in chips) 
Seat 5: pipinoelbreve9 (€9.43 in chips) 
Seat 6: redwoco (€3.28 in chips) 
el_heniek: posts small blind €0.02
LEXTORMUR: posts big blind €0.05
*** HOLE CARDS ***
Dealt to pipinoelbreve9 [Qd Js]
titus&mus: folds 
pipinoelbreve9: folds 
redwoco: folds 
sosobilete: folds 
el_heniek: folds 
Uncalled bet (€0.03) returned to LEXTORMUR
LEXTORMUR collected €0.04 from pot
LEXTORMUR: doesn't show hand 
*** SUMMARY ***
Total pot €0.04 | Rake €0 
Seat 1: sosobilete (button) folded before Flop (didn't bet)
Seat 2: el_heniek (small blind) folded before Flop
Seat 3: LEXTORMUR (big blind) collected (€0.04)
Seat 4: titus&mus folded before Flop (didn't bet)
Seat 5: pipinoelbreve9 folded before Flop (didn't bet)
Seat 6: redwoco folded before Flop (didn't bet)



PokerStars Zoom Hand #259513504801:  Hold'em No Limit (€0.02/€0.05) - 2026/01/29 22:40:44 CET [2026/01/29 16:40:44 ET]
Table 'Asterope' 6-max Seat #1 is the button
Seat 1: txiskius (€8.86 in chips) 
Seat 2: Angelfs7 (€12.26 in chips) 
Seat 3: pipinoelbreve9 (€9.43 in chips) 
Seat 4: Dragusin (€5.45 in chips) 
Seat 5: cocolino143 (€15.65 in chips) 
Seat 6: saint-imier (€5 in chips) 
Angelfs7: posts small blind €0.02
pipinoelbreve9: posts big blind €0.05
*** HOLE CARDS ***
Dealt to pipinoelbreve9 [2c 3h]
Dragusin: folds 
cocolino143: raises €0.05 to €0.10
saint-imier: folds 
txiskius: folds 
Angelfs7: folds 
pipinoelbreve9: folds 
Uncalled bet (€0.05) returned to cocolino143
cocolino143 collected €0.12 from pot
cocolino143: doesn't show hand 
*** SUMMARY ***
Total pot €0.12 | Rake €0 
Seat 1: txiskius (button) folded before Flop (didn't bet)
Seat 2: Angelfs7 (small blind) folded before Flop
Seat 3: pipinoelbreve9 (big blind) folded before Flop
Seat 4: Dragusin folded before Flop (didn't bet)
Seat 5: cocolino143 collected (€0.12)
Seat 6: saint-imier folded before Flop (didn't bet)



PokerStars Zoom Hand #259513506446:  Hold'em No Limit (€0.02/€0.05) - 2026/01/29 22:40:51 CET [2026/01/29 16:40:51 ET]
Table 'Asterope' 6-max Seat #1 is the button
Seat 1: saint-imier (€5 in chips) 
Seat 2: pipinoelbreve9 (€9.38 in chips) 
Seat 3: yogo0707 (€5.35 in chips) 
Seat 4: Cathaysanauz (€5 in chips) 
Seat 5: technoboy72 (€8.36 in chips) 
Seat 6: LeX_SM21 (€2.58 in chips) 
pipinoelbreve9: posts small blind €0.02
yogo0707: posts big blind €0.05
*** HOLE CARDS ***
Dealt to pipinoelbreve9 [9h Kd]
Cathaysanauz: folds 
technoboy72: folds 
LeX_SM21: folds 
saint-imier: folds 
pipinoelbreve9: raises €0.07 to €0.12
yogo0707: calls €0.07
*** FLOP *** [Jh Ts Qh]
pipinoelbreve9: bets €0.08
yogo0707: calls €0.08
*** TURN *** [Jh Ts Qh] [Qs]
pipinoelbreve9: bets €0.19
yogo0707: calls €0.19
*** RIVER *** [Jh Ts Qh Qs] [Ac]
pipinoelbreve9: bets €0.60
yogo0707: folds 
Uncalled bet (€0.60) returned to pipinoelbreve9
pipinoelbreve9 collected €0.74 from pot
pipinoelbreve9: doesn't show hand 
*** SUMMARY ***
Total pot €0.78 | Rake €0.04 
Board [Jh Ts Qh Qs Ac]
Seat 1: saint-imier (button) folded before Flop (didn't bet)
Seat 2: pipinoelbreve9 (small blind) collected (€0.74)
Seat 3: yogo0707 (big blind) folded on the River
Seat 4: Cathaysanauz folded before Flop (didn't bet)
Seat 5: technoboy72 folded before Flop (didn't bet)
Seat 6: LeX_SM21 folded before Flop (didn't bet)



PokerStars Zoom Hand #259513517297:  Hold'em No Limit (€0.02/€0.05) - 2026/01/29 22:41:33 CET [2026/01/29 16:41:33 ET]
Table 'Asterope' 6-max Seat #1 is the button
Seat 1: pipinoelbreve9 (€9.73 in chips) 
Seat 2: Angelfs7 (€12.24 in chips) 
Seat 3: SGB36 (€5 in chips) 
Seat 4: ZixZ596 (€1.48 in chips) 
Seat 5: chulinho10 (€6.20 in chips) 
Seat 6: correcamiños (€5.13 in chips) 
Angelfs7: posts small blind €0.02
SGB36: posts big blind €0.05
*** HOLE CARDS ***
Dealt to pipinoelbreve9 [Th 2h]
ZixZ596: folds 
chulinho10: folds 
correcamiños: folds 
pipinoelbreve9: folds 
Angelfs7: raises €0.10 to €0.15
SGB36: raises €0.30 to €0.45
Angelfs7: folds 
Uncalled bet (€0.30) returned to SGB36
SGB36 collected €0.30 from pot
SGB36: doesn't show hand 
*** SUMMARY ***
Total pot €0.30 | Rake €0 
Seat 1: pipinoelbreve9 (button) folded before Flop (didn't bet)
Seat 2: Angelfs7 (small blind) folded before Flop
Seat 3: SGB36 (big blind) collected (€0.30)
Seat 4: ZixZ596 folded before Flop (didn't bet)
Seat 5: chulinho10 folded before Flop (didn't bet)
Seat 6: correcamiños folded before Flop (didn't bet)



PokerStars Zoom Hand #259513521038:  Hold'em No Limit (€0.02/€0.05) - 2026/01/29 22:41:47 CET [2026/01/29 16:41:47 ET]
Table 'Asterope' 6-max Seat #1 is the button
Seat 1: Bertinho Gil (€5.82 in chips) 
Seat 2: Dragusin (€11.13 in chips) 
Seat 3: pipinoelbreve9 (€9.73 in chips) 
Seat 4: kokks2 (€5.54 in chips) 
Seat 5: technoboy72 (€11.67 in chips) 
Seat 6: chulinho10 (€6.15 in chips) 
Dragusin: posts small blind €0.02
pipinoelbreve9: posts big blind €0.05
*** HOLE CARDS ***
Dealt to pipinoelbreve9 [Ts 5d]
kokks2: folds 
technoboy72: folds 
chulinho10: folds 
Bertinho Gil: raises €0.07 to €0.12
Dragusin: calls €0.10
pipinoelbreve9: folds 
*** FLOP *** [3d Kh 7h]
Dragusin: checks 
Bertinho Gil: bets €0.08
Dragusin: folds 
Uncalled bet (€0.08) returned to Bertinho Gil
Bertinho Gil collected €0.28 from pot
Bertinho Gil: doesn't show hand 
*** SUMMARY ***
Total pot €0.29 | Rake €0.01 
Board [3d Kh 7h]
Seat 1: Bertinho Gil (button) collected (€0.28)
Seat 2: Dragusin (small blind) folded on the Flop
Seat 3: pipinoelbreve9 (big blind) folded before Flop
Seat 4: kokks2 folded before Flop (didn't bet)
Seat 5: technoboy72 folded before Flop (didn't bet)
Seat 6: chulinho10 folded before Flop (didn't bet)



PokerStars Zoom Hand #259513526205:  Hold'em No Limit (€0.02/€0.05) - 2026/01/29 22:42:08 CET [2026/01/29 16:42:08 ET]
Table 'Asterope' 6-max Seat #1 is the button
Seat 1: UndertheGun7799 (€5.30 in chips) 
Seat 2: pipinoelbreve9 (€9.68 in chips) 
Seat 3: Elrubik09 (€5.04 in chips) 
Seat 4: PauloATDias (€8.91 in chips) 
Seat 5: LEXTORMUR (€4.02 in chips) 
Seat 6: redwoco (€4.98 in chips) 
pipinoelbreve9: posts small blind €0.02
Elrubik09: posts big blind €0.05
*** HOLE CARDS ***
Dealt to pipinoelbreve9 [Ad 3h]
PauloATDias: folds 
LEXTORMUR: folds 
redwoco: folds 
UndertheGun7799: folds 
pipinoelbreve9: raises €0.07 to €0.12
Elrubik09: folds 
Uncalled bet (€0.07) returned to pipinoelbreve9
pipinoelbreve9 collected €0.10 from pot
pipinoelbreve9: doesn't show hand 
*** SUMMARY ***
Total pot €0.10 | Rake €0 
Seat 1: UndertheGun7799 (button) folded before Flop (didn't bet)
Seat 2: pipinoelbreve9 (small blind) collected (€0.10)
Seat 3: Elrubik09 (big blind) folded before Flop
Seat 4: PauloATDias folded before Flop (didn't bet)
Seat 5: LEXTORMUR folded before Flop (didn't bet)
Seat 6: redwoco folded before Flop (didn't bet)



PokerStars Zoom Hand #259513517983:  Hold'em No Limit (€0.02/€0.05) - 2026/01/29 22:41:36 CET [2026/01/29 16:41:36 ET]
Table 'Asterope' 6-max Seat #1 is the button
Seat 1: gusflota (€1.70 in chips) 
Seat 2: NamekWar (€12.22 in chips) 
Seat 3: el_heniek (€15.13 in chips) 
Seat 4: fernando3768 (€3.65 in chips) 
Seat 5: NEIG (€1.73 in chips) 
Seat 6: pipinoelbreve9 (€9.73 in chips) 
NamekWar: posts small blind €0.02
el_heniek: posts big blind €0.05
*** HOLE CARDS ***
Dealt to pipinoelbreve9 [Qc Td]
fernando3768: folds 
NEIG: calls €0.05
pipinoelbreve9: folds 
gusflota: raises €0.19 to €0.24
NamekWar: calls €0.22
el_heniek: folds 
NEIG: folds 
*** FLOP *** [6s 4s 9c]
NamekWar: checks 
gusflota: bets €0.22
NamekWar: calls €0.22
*** TURN *** [6s 4s 9c] [5s]
NamekWar: checks 
gusflota: bets €0.32
NamekWar: calls €0.32
*** RIVER *** [6s 4s 9c 5s] [4d]
NamekWar: checks 
gusflota: checks 
*** SHOW DOWN ***
NamekWar: shows [3s 3d] (two pair, Fours and Threes)
gusflota: mucks hand 
NamekWar collected €1.58 from pot
*** SUMMARY ***
Total pot €1.66 | Rake €0.08 
Board [6s 4s 9c 5s 4d]
Seat 1: gusflota (button) mucked [Ac Qs]
Seat 2: NamekWar (small blind) showed [3s 3d] and won (€1.58) with two pair, Fours and Threes
Seat 3: el_heniek (big blind) folded before Flop
Seat 4: fernando3768 folded before Flop (didn't bet)
Seat 5: NEIG folded before Flop
Seat 6: pipinoelbreve9 folded before Flop (didn't bet)



PokerStars Zoom Hand #259513529344:  Hold'em No Limit (€0.02/€0.05) - 2026/01/29 22:42:20 CET [2026/01/29 16:42:20 ET]
Table 'Asterope' 6-max Seat #1 is the button
Seat 1: frodoh1 (€1.93 in chips) 
Seat 2: LEXTORMUR (€4.59 in chips) 
Seat 3: chulinho10 (€6.13 in chips) 
Seat 4: Master220 (€4.41 in chips) 
Seat 5: PauloATDias (€8.91 in chips) 
Seat 6: pipinoelbreve9 (€9.73 in chips) 
LEXTORMUR: posts small blind €0.02
chulinho10: posts big blind €0.05
*** HOLE CARDS ***
Dealt to pipinoelbreve9 [Ah 2c]
Master220: folds 
PauloATDias: folds 
pipinoelbreve9: folds 
frodoh1: folds 
LEXTORMUR: folds 
Uncalled bet (€0.03) returned to chulinho10
chulinho10 collected €0.04 from pot
chulinho10: doesn't show hand 
*** SUMMARY ***
Total pot €0.04 | Rake €0 
Seat 1: frodoh1 (button) folded before Flop (didn't bet)
Seat 2: LEXTORMUR (small blind) folded before Flop
Seat 3: chulinho10 (big blind) collected (€0.04)
Seat 4: Master220 folded before Flop (didn't bet)
Seat 5: PauloATDias folded before Flop (didn't bet)
Seat 6: pipinoelbreve9 folded before Flop (didn't bet)



PokerStars Zoom Hand #259513520054:  Hold'em No Limit (€0.02/€0.05) - 2026/01/29 22:41:44 CET [2026/01/29 16:41:44 ET]
Table 'Asterope' 6-max Seat #1 is the button
Seat 1: Cathaysanauz (€5 in chips) 
Seat 2: yogo0707 (€6.08 in chips) 
Seat 3: PauloATDias (€8.96 in chips) 
Seat 4: pipinoelbreve9 (€9.73 in chips) 
Seat 5: ANGELETE AB (€12.26 in chips) 
Seat 6: HGrenha (€17.23 in chips) 
yogo0707: posts small blind €0.02
PauloATDias: posts big blind €0.05
*** HOLE CARDS ***
Dealt to pipinoelbreve9 [Kc 4c]
pipinoelbreve9: folds 
ANGELETE AB: calls €0.05
HGrenha: calls €0.05
Cathaysanauz: folds 
yogo0707: folds 
PauloATDias: checks 
*** FLOP *** [8s 7d 9h]
PauloATDias: checks 
ANGELETE AB: bets €0.05
HGrenha: calls €0.05
PauloATDias: folds 
*** TURN *** [8s 7d 9h] [7h]
ANGELETE AB: bets €0.15
HGrenha: calls €0.15
*** RIVER *** [8s 7d 9h 7h] [5d]
ANGELETE AB: bets €0.54
HGrenha: raises €1.62 to €2.16
ANGELETE AB: calls €1.62
*** SHOW DOWN ***
HGrenha: shows [7s 5s] (a full house, Sevens full of Fives)
ANGELETE AB: mucks hand 
HGrenha collected €4.65 from pot
*** SUMMARY ***
Total pot €4.89 | Rake €0.24 
Board [8s 7d 9h 7h 5d]
Seat 1: Cathaysanauz (button) folded before Flop (didn't bet)
Seat 2: yogo0707 (small blind) folded before Flop
Seat 3: PauloATDias (big blind) folded on the Flop
Seat 4: pipinoelbreve9 folded before Flop (didn't bet)
Seat 5: ANGELETE AB mucked [Js Td]
Seat 6: HGrenha showed [7s 5s] and won (€4.65) with a full house, Sevens full of Fives



PokerStars Zoom Hand #259513530138:  Hold'em No Limit (€0.02/€0.05) - 2026/01/29 22:42:23 CET [2026/01/29 16:42:23 ET]
Table 'Asterope' 6-max Seat #1 is the button
Seat 1: yogo0707 (€5 in chips) 
Seat 2: Sophistês (€8.10 in chips) 
Seat 3: Master220 (€4.41 in chips) 
Seat 4: kokks2 (€6.68 in chips) 
Seat 5: pipinoelbreve9 (€9.73 in chips) 
Seat 6: lulula24 (€5.07 in chips) 
Sophistês: posts small blind €0.02
Master220: posts big blind €0.05
*** HOLE CARDS ***
Dealt to pipinoelbreve9 [2s 8s]
kokks2: folds 
pipinoelbreve9: folds 
lulula24: folds 
yogo0707: folds 
Sophistês: folds 
Uncalled bet (€0.03) returned to Master220
Master220 collected €0.04 from pot
Master220: doesn't show hand 
*** SUMMARY ***
Total pot €0.04 | Rake €0 
Seat 1: yogo0707 (button) folded before Flop (didn't bet)
Seat 2: Sophistês (small blind) folded before Flop
Seat 3: Master220 (big blind) collected (€0.04)
Seat 4: kokks2 folded before Flop (didn't bet)
Seat 5: pipinoelbreve9 folded before Flop (didn't bet)
Seat 6: lulula24 folded before Flop (didn't bet)



PokerStars Zoom Hand #259513523191:  Hold'em No Limit (€0.02/€0.05) - 2026/01/29 22:41:56 CET [2026/01/29 16:41:56 ET]
Table 'Asterope' 6-max Seat #1 is the button
Seat 1: pipinoelbreve9 (€9.68 in chips) 
Seat 2: frodoh1 (€1.95 in chips) 
Seat 3: kokks2 (€5.54 in chips) 
Seat 4: el_heniek (€15.08 in chips) 
Seat 5: titus&mus (€4.09 in chips) 
Seat 6: correcamiños (€5.07 in chips) 
frodoh1: posts small blind €0.02
kokks2: posts big blind €0.05
*** HOLE CARDS ***
Dealt to pipinoelbreve9 [Jd 7h]
el_heniek: raises €0.10 to €0.15
titus&mus: folds 
correcamiños: calls €0.15
pipinoelbreve9: folds 
frodoh1: folds 
kokks2: raises €0.47 to €0.62
el_heniek: raises €0.82 to €1.44
correcamiños: folds 
kokks2: folds 
Uncalled bet (€0.82) returned to el_heniek
el_heniek collected €1.41 from pot
el_heniek: doesn't show hand 
*** SUMMARY ***
Total pot €1.41 | Rake €0 
Seat 1: pipinoelbreve9 (button) folded before Flop (didn't bet)
Seat 2: frodoh1 (small blind) folded before Flop
Seat 3: kokks2 (big blind) folded before Flop
Seat 4: el_heniek collected (€1.41)
Seat 5: titus&mus folded before Flop (didn't bet)
Seat 6: correcamiños folded before Flop



PokerStars Zoom Hand #259513531432:  Hold'em No Limit (€0.02/€0.05) - 2026/01/29 22:42:28 CET [2026/01/29 16:42:28 ET]
Table 'Asterope' 6-max Seat #1 is the button
Seat 1: mmbc44 (€2.38 in chips) 
Seat 2: prouchte (€7.10 in chips) 
Seat 3: kokks2 (€6.68 in chips) 
Seat 4: pipinoelbreve9 (€9.73 in chips) 
Seat 5: LuisMatos27 (€5 in chips) 
Seat 6: PerraTragas (€20.81 in chips) 
prouchte: posts small blind €0.02
kokks2: posts big blind €0.05
*** HOLE CARDS ***
Dealt to pipinoelbreve9 [6d 8h]
pipinoelbreve9: folds 
LuisMatos27: folds 
PerraTragas: raises €0.10 to €0.15
mmbc44: folds 
prouchte: folds 
kokks2: folds 
Uncalled bet (€0.10) returned to PerraTragas
PerraTragas collected €0.12 from pot
PerraTragas: doesn't show hand 
*** SUMMARY ***
Total pot €0.12 | Rake €0 
Seat 1: mmbc44 (button) folded before Flop (didn't bet)
Seat 2: prouchte (small blind) folded before Flop
Seat 3: kokks2 (big blind) folded before Flop
Seat 4: pipinoelbreve9 folded before Flop (didn't bet)
Seat 5: LuisMatos27 folded before Flop (didn't bet)
Seat 6: PerraTragas collected (€0.12)



PokerStars Zoom Hand #259513532137:  Hold'em No Limit (€0.02/€0.05) - 2026/01/29 22:42:31 CET [2026/01/29 16:42:31 ET]
Table 'Asterope' 6-max Seat #1 is the button
Seat 1: gusflota (€0.85 in chips) 
Seat 2: VictorAlG (€2.10 in chips) 
Seat 3: pipinoelbreve9 (€9.73 in chips) 
Seat 4: Bertinho Gil (€5.98 in chips) 
Seat 5: titipro1905 (€11.46 in chips) 
Seat 6: yogo0707 (€6.15 in chips) 
VictorAlG: posts small blind €0.02
pipinoelbreve9: posts big blind €0.05
*** HOLE CARDS ***
Dealt to pipinoelbreve9 [9s Kd]
Bertinho Gil: folds 
titipro1905: raises €0.07 to €0.12
yogo0707: folds 
gusflota: folds 
VictorAlG: calls €0.10
pipinoelbreve9: calls €0.07
*** FLOP *** [4h Qd Jc]
VictorAlG: checks 
pipinoelbreve9: checks 
titipro1905: bets €0.11
VictorAlG: calls €0.11
pipinoelbreve9: calls €0.11
*** TURN *** [4h Qd Jc] [3s]
VictorAlG: checks 
pipinoelbreve9: bets €0.33
titipro1905: raises €0.67 to €1
VictorAlG: folds 
pipinoelbreve9: folds 
Uncalled bet (€0.67) returned to titipro1905
titipro1905 collected €1.28 from pot
titipro1905: doesn't show hand 
*** SUMMARY ***
Total pot €1.35 | Rake €0.07 
Board [4h Qd Jc 3s]
Seat 1: gusflota (button) folded before Flop (didn't bet)
Seat 2: VictorAlG (small blind) folded on the Turn
Seat 3: pipinoelbreve9 (big blind) folded on the Turn
Seat 4: Bertinho Gil folded before Flop (didn't bet)
Seat 5: titipro1905 collected (€1.28)
Seat 6: yogo0707 folded before Flop (didn't bet)



PokerStars Zoom Hand #259513548028:  Hold'em No Limit (€0.02/€0.05) - 2026/01/29 22:43:33 CET [2026/01/29 16:43:33 ET]
Table 'Asterope' 6-max Seat #1 is the button
Seat 1: pipinoelbreve9 (€9.17 in chips) 
Seat 2: Cathaysanauz (€5 in chips) 
Seat 3: titus&mus (€5 in chips) 
Seat 4: Intraneon (€5.14 in chips) 
Seat 5: luisjudit (€4.93 in chips) 
Seat 6: correcamiños (€8.82 in chips) 
Cathaysanauz: posts small blind €0.02
titus&mus: posts big blind €0.05
*** HOLE CARDS ***
Dealt to pipinoelbreve9 [9d 5s]
Intraneon: folds 
luisjudit: folds 
correcamiños: folds 
pipinoelbreve9: folds 
Cathaysanauz: raises €0.10 to €0.15
titus&mus: folds 
Uncalled bet (€0.10) returned to Cathaysanauz
Cathaysanauz collected €0.10 from pot
Cathaysanauz: doesn't show hand 
*** SUMMARY ***
Total pot €0.10 | Rake €0 
Seat 1: pipinoelbreve9 (button) folded before Flop (didn't bet)
Seat 2: Cathaysanauz (small blind) collected (€0.10)
Seat 3: titus&mus (big blind) folded before Flop
Seat 4: Intraneon folded before Flop (didn't bet)
Seat 5: luisjudit folded before Flop (didn't bet)
Seat 6: correcamiños folded before Flop (didn't bet)



PokerStars Zoom Hand #259513548801:  Hold'em No Limit (€0.02/€0.05) - 2026/01/29 22:43:36 CET [2026/01/29 16:43:36 ET]
Table 'Asterope' 6-max Seat #1 is the button
Seat 1: Dragusin (€5.78 in chips) 
Seat 2: UndertheGun7799 (€5.06 in chips) 
Seat 3: SGB36 (€5 in chips) 
Seat 4: petete659 (€2.78 in chips) 
Seat 5: pipinoelbreve9 (€9.17 in chips) 
Seat 6: VictorAlG (€1.87 in chips) 
UndertheGun7799: posts small blind €0.02
SGB36: posts big blind €0.05
*** HOLE CARDS ***
Dealt to pipinoelbreve9 [4d Js]
petete659: folds 
pipinoelbreve9: folds 
VictorAlG: folds 
Dragusin: folds 
UndertheGun7799: raises €0.10 to €0.15
SGB36: folds 
Uncalled bet (€0.10) returned to UndertheGun7799
UndertheGun7799 collected €0.10 from pot
UndertheGun7799: doesn't show hand 
*** SUMMARY ***
Total pot €0.10 | Rake €0 
Seat 1: Dragusin (button) folded before Flop (didn't bet)
Seat 2: UndertheGun7799 (small blind) collected (€0.10)
Seat 3: SGB36 (big blind) folded before Flop
Seat 4: petete659 folded before Flop (didn't bet)
Seat 5: pipinoelbreve9 folded before Flop (didn't bet)
Seat 6: VictorAlG folded before Flop (didn't bet)



PokerStars Zoom Hand #259513550028:  Hold'em No Limit (€0.02/€0.05) - 2026/01/29 22:43:41 CET [2026/01/29 16:43:41 ET]
Table 'Asterope' 6-max Seat #1 is the button
Seat 1: Paparrota (€7.64 in chips) 
Seat 2: pipinoelbreve9 (€9.17 in chips) 
Seat 3: pokerikb (€6.06 in chips) 
Seat 4: Jumby34 (€8.90 in chips) 
Seat 5: Bertinho Gil (€5.99 in chips) 
Seat 6: mavbnet (€5.01 in chips) 
pipinoelbreve9: posts small blind €0.02
pokerikb: posts big blind €0.05
*** HOLE CARDS ***
Dealt to pipinoelbreve9 [Td Jc]
Jumby34: folds 
Bertinho Gil: raises €0.06 to €0.11
mavbnet: folds 
Paparrota: folds 
pipinoelbreve9: folds 
pokerikb: folds 
Uncalled bet (€0.06) returned to Bertinho Gil
Bertinho Gil collected €0.12 from pot
Bertinho Gil: doesn't show hand 
*** SUMMARY ***
Total pot €0.12 | Rake €0 
Seat 1: Paparrota (button) folded before Flop (didn't bet)
Seat 2: pipinoelbreve9 (small blind) folded before Flop
Seat 3: pokerikb (big blind) folded before Flop
Seat 4: Jumby34 folded before Flop (didn't bet)
Seat 5: Bertinho Gil collected (€0.12)
Seat 6: mavbnet folded before Flop (didn't bet)



PokerStars Zoom Hand #259513552679:  Hold'em No Limit (€0.02/€0.05) - 2026/01/29 22:43:51 CET [2026/01/29 16:43:51 ET]
Table 'Asterope' 6-max Seat #1 is the button
Seat 1: pipinoelbreve9 (€9.15 in chips) 
Seat 2: LuisMatos27 (€5 in chips) 
Seat 3: Cathaysanauz (€5 in chips) 
Seat 4: lulula24 (€5.37 in chips) 
Seat 5: titus&mus (€7.20 in chips) 
Seat 6: tiger-jor (€5.69 in chips) 
LuisMatos27: posts small blind €0.02
Cathaysanauz: posts big blind €0.05
*** HOLE CARDS ***
Dealt to pipinoelbreve9 [9s Qs]
lulula24: raises €0.10 to €0.15
titus&mus: folds 
tiger-jor: folds 
pipinoelbreve9: folds 
LuisMatos27: folds 
Cathaysanauz: folds 
Uncalled bet (€0.10) returned to lulula24
lulula24 collected €0.12 from pot
lulula24: doesn't show hand 
*** SUMMARY ***
Total pot €0.12 | Rake €0 
Seat 1: pipinoelbreve9 (button) folded before Flop (didn't bet)
Seat 2: LuisMatos27 (small blind) folded before Flop
Seat 3: Cathaysanauz (big blind) folded before Flop
Seat 4: lulula24 collected (€0.12)
Seat 5: titus&mus folded before Flop (didn't bet)
Seat 6: tiger-jor folded before Flop (didn't bet)



PokerStars Zoom Hand #259513554619:  Hold'em No Limit (€0.02/€0.05) - 2026/01/29 22:43:59 CET [2026/01/29 16:43:59 ET]
Table 'Asterope' 6-max Seat #1 is the button
Seat 1: Bertinho Gil (€5 in chips) 
Seat 2: pokerikb (€6.01 in chips) 
Seat 3: redwoco (€4.28 in chips) 
Seat 4: tiger-jor (€5.69 in chips) 
Seat 5: NIHHIL0 (€12.44 in chips) 
Seat 6: pipinoelbreve9 (€9.15 in chips) 
pokerikb: posts small blind €0.02
redwoco: posts big blind €0.05
*** HOLE CARDS ***
Dealt to pipinoelbreve9 [Jd 4h]
tiger-jor: folds 
NIHHIL0: folds 
pipinoelbreve9: folds 
Bertinho Gil: raises €0.07 to €0.12
pokerikb: folds 
redwoco: folds 
Uncalled bet (€0.07) returned to Bertinho Gil
Bertinho Gil collected €0.12 from pot
Bertinho Gil: doesn't show hand 
*** SUMMARY ***
Total pot €0.12 | Rake €0 
Seat 1: Bertinho Gil (button) collected (€0.12)
Seat 2: pokerikb (small blind) folded before Flop
Seat 3: redwoco (big blind) folded before Flop
Seat 4: tiger-jor folded before Flop (didn't bet)
Seat 5: NIHHIL0 folded before Flop (didn't bet)
Seat 6: pipinoelbreve9 folded before Flop (didn't bet)



PokerStars Zoom Hand #259513555582:  Hold'em No Limit (€0.02/€0.05) - 2026/01/29 22:44:03 CET [2026/01/29 16:44:03 ET]
Table 'Asterope' 6-max Seat #1 is the button
Seat 1: petete659 (€2.58 in chips) 
Seat 2: el_heniek (€7.44 in chips) 
Seat 3: daniello7777 (€4.99 in chips) 
Seat 4: pipinoelbreve9 (€9.15 in chips) 
Seat 5: PerraTragas (€21.21 in chips) 
Seat 6: lobitillo (€2.23 in chips) 
el_heniek: posts small blind €0.02
daniello7777: posts big blind €0.05
*** HOLE CARDS ***
Dealt to pipinoelbreve9 [Qd 6h]
pipinoelbreve9: folds 
PerraTragas: raises €0.10 to €0.15
lobitillo: folds 
petete659: folds 
el_heniek: folds 
daniello7777: folds 
Uncalled bet (€0.10) returned to PerraTragas
PerraTragas collected €0.12 from pot
PerraTragas: doesn't show hand 
*** SUMMARY ***
Total pot €0.12 | Rake €0 
Seat 1: petete659 (button) folded before Flop (didn't bet)
Seat 2: el_heniek (small blind) folded before Flop
Seat 3: daniello7777 (big blind) folded before Flop
Seat 4: pipinoelbreve9 folded before Flop (didn't bet)
Seat 5: PerraTragas collected (€0.12)
Seat 6: lobitillo folded before Flop (didn't bet)



PokerStars Zoom Hand #259513556980:  Hold'em No Limit (€0.02/€0.05) - 2026/01/29 22:44:08 CET [2026/01/29 16:44:08 ET]
Table 'Asterope' 6-max Seat #1 is the button
Seat 1: redwoco (€5 in chips) 
Seat 2: yogo0707 (€5.13 in chips) 
Seat 3: L4B4R1K (€1.32 in chips) 
Seat 4: pipinoelbreve9 (€9.15 in chips) 
Seat 5: el_heniek (€15.78 in chips) 
Seat 6: Baumito (€8.33 in chips) 
yogo0707: posts small blind €0.02
L4B4R1K: posts big blind €0.05
*** HOLE CARDS ***
Dealt to pipinoelbreve9 [Tc Ad]
pipinoelbreve9: raises €0.07 to €0.12
el_heniek: folds 
Baumito: calls €0.12
redwoco: folds 
yogo0707: folds 
L4B4R1K: folds 
*** FLOP *** [4s 4h Js]
pipinoelbreve9: bets €0.10
Baumito: calls €0.10
*** TURN *** [4s 4h Js] [3s]
pipinoelbreve9: bets €0.40
Baumito: folds 
Uncalled bet (€0.40) returned to pipinoelbreve9
pipinoelbreve9 collected €0.48 from pot
pipinoelbreve9: doesn't show hand 
*** SUMMARY ***
Total pot €0.51 | Rake €0.03 
Board [4s 4h Js 3s]
Seat 1: redwoco (button) folded before Flop (didn't bet)
Seat 2: yogo0707 (small blind) folded before Flop
Seat 3: L4B4R1K (big blind) folded before Flop
Seat 4: pipinoelbreve9 collected (€0.48)
Seat 5: el_heniek folded before Flop (didn't bet)
Seat 6: Baumito folded on the Turn



