PokerStars Zoom Hand #258486203336:  Hold'em No Limit (€0.05/€0.10) - 2025/11/12 17:47:18 CET [2025/11/12 11:47:18 ET]
Table 'Caph' 6-max Seat #1 is the button
Seat 1: basukun (€10.27 in chips) 
Seat 2: Barikibynight (€6.17 in chips) 
Seat 3: pipinoelbreve9 (€10 in chips) 
Seat 4: 00789 (€18.98 in chips) 
Seat 5: ArmedToad (€22.48 in chips) 
Seat 6: piolina00 (€4.41 in chips) 
Barikibynight: posts small blind €0.05
pipinoelbreve9: posts big blind €0.10
*** HOLE CARDS ***
Dealt to pipinoelbreve9 [7s 6s]
00789: raises €0.15 to €0.25
ArmedToad: folds 
piolina00: folds 
basukun: folds 
Barikibynight: folds 
pipinoelbreve9: calls €0.15
*** FLOP *** [3h 3c Ac]
pipinoelbreve9: checks 
00789: bets €0.17
pipinoelbreve9: folds 
Uncalled bet (€0.17) returned to 00789
00789 collected €0.52 from pot
00789: doesn't show hand 
*** SUMMARY ***
Total pot €0.55 | Rake €0.03 
Board [3h 3c Ac]
Seat 1: basukun (button) folded before Flop (didn't bet)
Seat 2: Barikibynight (small blind) folded before Flop
Seat 3: pipinoelbreve9 (big blind) folded on the Flop
Seat 4: 00789 collected (€0.52)
Seat 5: ArmedToad folded before Flop (didn't bet)
Seat 6: piolina00 folded before Flop (didn't bet)



PokerStars Zoom Hand #258486208282:  Hold'em No Limit (€0.05/€0.10) - 2025/11/12 17:47:45 CET [2025/11/12 11:47:45 ET]
Table 'Caph' 6-max Seat #1 is the button
Seat 1: pipinoelbreve9 (€10 in chips) 
Seat 2: edraz11 (€18.56 in chips) 
Seat 3: lagasalahaga (€11.51 in chips) 
Seat 4: EduOjeda55 (€10.36 in chips) 
Seat 5: basukun (€17.65 in chips) 
Seat 6: eric 29880 (€8.94 in chips) 
edraz11: posts small blind €0.05
lagasalahaga: posts big blind €0.10
*** HOLE CARDS ***
Dealt to pipinoelbreve9 [3s Kc]
EduOjeda55: folds 
basukun: raises €0.10 to €0.20
eric 29880: folds 
pipinoelbreve9: folds 
edraz11: folds 
lagasalahaga: folds 
Uncalled bet (€0.10) returned to basukun
basukun collected €0.25 from pot
basukun: doesn't show hand 
*** SUMMARY ***
Total pot €0.25 | Rake €0 
Seat 1: pipinoelbreve9 (button) folded before Flop (didn't bet)
Seat 2: edraz11 (small blind) folded before Flop
Seat 3: lagasalahaga (big blind) folded before Flop
Seat 4: EduOjeda55 folded before Flop (didn't bet)
Seat 5: basukun collected (€0.25)
Seat 6: eric 29880 folded before Flop (didn't bet)



PokerStars Zoom Hand #258486210729:  Hold'em No Limit (€0.05/€0.10) - 2025/11/12 17:47:59 CET [2025/11/12 11:47:59 ET]
Table 'Caph' 6-max Seat #1 is the button
Seat 1: ArmedToad (€22.08 in chips) 
Seat 2: 00789 (€19.15 in chips) 
Seat 3: jony_manitas (€11.16 in chips) 
Seat 4: JPZMK-PRO (€29.30 in chips) 
Seat 5: pipinoelbreve9 (€10 in chips) 
Seat 6: Rickybcn (€4.73 in chips) 
00789: posts small blind €0.05
jony_manitas: posts big blind €0.10
*** HOLE CARDS ***
Dealt to pipinoelbreve9 [Jd Qc]
JPZMK-PRO: folds 
pipinoelbreve9: raises €0.15 to €0.25
Rickybcn: folds 
ArmedToad: folds 
00789: folds 
jony_manitas: folds 
Uncalled bet (€0.15) returned to pipinoelbreve9
pipinoelbreve9 collected €0.25 from pot
pipinoelbreve9: doesn't show hand 
*** SUMMARY ***
Total pot €0.25 | Rake €0 
Seat 1: ArmedToad (button) folded before Flop (didn't bet)
Seat 2: 00789 (small blind) folded before Flop
Seat 3: jony_manitas (big blind) folded before Flop
Seat 4: JPZMK-PRO folded before Flop (didn't bet)
Seat 5: pipinoelbreve9 collected (€0.25)
Seat 6: Rickybcn folded before Flop (didn't bet)



PokerStars Zoom Hand #258486209154:  Hold'em No Limit (€0.05/€0.10) - 2025/11/12 17:47:50 CET [2025/11/12 11:47:50 ET]
Table 'Caph' 6-max Seat #1 is the button
Seat 1: eric 29880 (€8.94 in chips) 
Seat 2: Andreachiva (€7.96 in chips) 
Seat 3: Juanprada44 (€11.55 in chips) 
Seat 4: EduOjeda55 (€10.36 in chips) 
Seat 5: pipinoelbreve9 (€10 in chips) 
Seat 6: mickaduj1005 (€12.98 in chips) 
Andreachiva: posts small blind €0.05
Juanprada44: posts big blind €0.10
*** HOLE CARDS ***
Dealt to pipinoelbreve9 [4h Jh]
EduOjeda55: folds 
pipinoelbreve9: folds 
mickaduj1005: calls €0.10
eric 29880: calls €0.10
Andreachiva: raises €0.40 to €0.50
Juanprada44: folds 
mickaduj1005: calls €0.40
eric 29880: folds 
*** FLOP *** [4d 3s 3d]
Andreachiva: checks 
mickaduj1005: checks 
*** TURN *** [4d 3s 3d] [7c]
Andreachiva: checks 
mickaduj1005: checks 
*** RIVER *** [4d 3s 3d 7c] [Tc]
Andreachiva: checks 
mickaduj1005: checks 
*** SHOW DOWN ***
Andreachiva: shows [Ah Kd] (a pair of Threes)
mickaduj1005: mucks hand 
Andreachiva collected €1.14 from pot
*** SUMMARY ***
Total pot €1.20 | Rake €0.06 
Board [4d 3s 3d 7c Tc]
Seat 1: eric 29880 (button) folded before Flop
Seat 2: Andreachiva (small blind) showed [Ah Kd] and won (€1.14) with a pair of Threes
Seat 3: Juanprada44 (big blind) folded before Flop
Seat 4: EduOjeda55 folded before Flop (didn't bet)
Seat 5: pipinoelbreve9 folded before Flop (didn't bet)
Seat 6: mickaduj1005 mucked [8c 9h]



PokerStars Zoom Hand #258486213155:  Hold'em No Limit (€0.05/€0.10) - 2025/11/12 17:48:12 CET [2025/11/12 11:48:12 ET]
Table 'Caph' 6-max Seat #1 is the button
Seat 1: Alex_rally94 (€3.89 in chips) 
Seat 2: lagasalahaga (€19.28 in chips) 
Seat 3: pipinoelbreve9 (€10.15 in chips) 
Seat 4: eric 29880 (€8.79 in chips) 
Seat 5: Durlan (€17.68 in chips) 
Seat 6: jony_manitas (€11.06 in chips) 
lagasalahaga: posts small blind €0.05
pipinoelbreve9: posts big blind €0.10
*** HOLE CARDS ***
Dealt to pipinoelbreve9 [Js 5s]
eric 29880: folds 
Durlan: folds 
jony_manitas: folds 
Alex_rally94: raises €0.10 to €0.20
lagasalahaga: folds 
pipinoelbreve9: calls €0.10
*** FLOP *** [6h 3c Qs]
pipinoelbreve9: checks 
Alex_rally94: bets €0.12
pipinoelbreve9: calls €0.12
*** TURN *** [6h 3c Qs] [5d]
pipinoelbreve9: checks 
Alex_rally94: checks 
*** RIVER *** [6h 3c Qs 5d] [As]
pipinoelbreve9: checks 
Alex_rally94: bets €0.56
pipinoelbreve9: folds 
Uncalled bet (€0.56) returned to Alex_rally94
Alex_rally94 collected €0.66 from pot
Alex_rally94: doesn't show hand 
*** SUMMARY ***
Total pot €0.69 | Rake €0.03 
Board [6h 3c Qs 5d As]
Seat 1: Alex_rally94 (button) collected (€0.66)
Seat 2: lagasalahaga (small blind) folded before Flop
Seat 3: pipinoelbreve9 (big blind) folded on the River
Seat 4: eric 29880 folded before Flop (didn't bet)
Seat 5: Durlan folded before Flop (didn't bet)
Seat 6: jony_manitas folded before Flop (didn't bet)



PokerStars Zoom Hand #258486209939:  Hold'em No Limit (€0.05/€0.10) - 2025/11/12 17:47:54 CET [2025/11/12 11:47:54 ET]
Table 'Caph' 6-max Seat #1 is the button
Seat 1: Philazazel59 (€10 in chips) 
Seat 2: piolina00 (€4.38 in chips) 
Seat 3: basukun (€10.37 in chips) 
Seat 4: eric 29880 (€8.81 in chips) 
Seat 5: edraz11 (€18.51 in chips) 
Seat 6: pipinoelbreve9 (€10 in chips) 
piolina00: posts small blind €0.05
basukun: posts big blind €0.10
*** HOLE CARDS ***
Dealt to pipinoelbreve9 [Ts 5c]
eric 29880: folds 
edraz11: folds 
pipinoelbreve9: folds 
Philazazel59: raises €0.15 to €0.25
piolina00: calls €0.20
basukun: folds 
*** FLOP *** [7s Qc 7c]
piolina00: checks 
Philazazel59: bets €0.14
piolina00: calls €0.14
*** TURN *** [7s Qc 7c] [8d]
piolina00: bets €0.42
Philazazel59: folds 
Uncalled bet (€0.42) returned to piolina00
piolina00 collected €0.84 from pot
piolina00: doesn't show hand 
*** SUMMARY ***
Total pot €0.88 | Rake €0.04 
Board [7s Qc 7c 8d]
Seat 1: Philazazel59 (button) folded on the Turn
Seat 2: piolina00 (small blind) collected (€0.84)
Seat 3: basukun (big blind) folded before Flop
Seat 4: eric 29880 folded before Flop (didn't bet)
Seat 5: edraz11 folded before Flop (didn't bet)
Seat 6: pipinoelbreve9 folded before Flop (didn't bet)



PokerStars Zoom Hand #258486207341:  Hold'em No Limit (€0.05/€0.10) - 2025/11/12 17:47:40 CET [2025/11/12 11:47:40 ET]
Table 'Caph' 6-max Seat #1 is the button
Seat 1: HPforever65 (€6.66 in chips) 
Seat 2: pipinoelbreve9 (€10 in chips) 
Seat 3: 00789 (€12.46 in chips) 
Seat 4: Juanprada44 (€11.55 in chips) 
Seat 5: Split2902 (€10.20 in chips) 
Seat 6: basukun (€17.65 in chips) 
pipinoelbreve9: posts small blind €0.05
00789: posts big blind €0.10
*** HOLE CARDS ***
Dealt to pipinoelbreve9 [9s 4h]
Juanprada44: folds 
Split2902: raises €0.15 to €0.25
basukun: folds 
HPforever65: calls €0.25
pipinoelbreve9: folds 
00789: folds 
*** FLOP *** [7s Js Kd]
Split2902: bets €0.20
HPforever65: calls €0.20
*** TURN *** [7s Js Kd] [7h]
Split2902: checks 
HPforever65: bets €0.78
Split2902: folds 
Uncalled bet (€0.78) returned to HPforever65
HPforever65 collected €1 from pot
HPforever65: doesn't show hand 
*** SUMMARY ***
Total pot €1.05 | Rake €0.05 
Board [7s Js Kd 7h]
Seat 1: HPforever65 (button) collected (€1)
Seat 2: pipinoelbreve9 (small blind) folded before Flop
Seat 3: 00789 (big blind) folded before Flop
Seat 4: Juanprada44 folded before Flop (didn't bet)
Seat 5: Split2902 folded on the Turn
Seat 6: basukun folded before Flop (didn't bet)



PokerStars Zoom Hand #258486219161:  Hold'em No Limit (€0.05/€0.10) - 2025/11/12 17:48:45 CET [2025/11/12 11:48:45 ET]
Table 'Caph' 6-max Seat #1 is the button
Seat 1: pipinoelbreve9 (€10 in chips) 
Seat 2: karkuri13 (€12.14 in chips) 
Seat 3: urkel77 (€11.61 in chips) 
Seat 4: toxinho35 (€15.27 in chips) 
Seat 5: edraz11 (€11.97 in chips) 
Seat 6: n0rthw00d (€23.27 in chips) 
karkuri13: posts small blind €0.05
urkel77: posts big blind €0.10
*** HOLE CARDS ***
Dealt to pipinoelbreve9 [Jd 5h]
toxinho35: folds 
edraz11: folds 
n0rthw00d: raises €0.20 to €0.30
pipinoelbreve9: folds 
karkuri13: folds 
urkel77: folds 
Uncalled bet (€0.20) returned to n0rthw00d
n0rthw00d collected €0.25 from pot
n0rthw00d: doesn't show hand 
*** SUMMARY ***
Total pot €0.25 | Rake €0 
Seat 1: pipinoelbreve9 (button) folded before Flop (didn't bet)
Seat 2: karkuri13 (small blind) folded before Flop
Seat 3: urkel77 (big blind) folded before Flop
Seat 4: toxinho35 folded before Flop (didn't bet)
Seat 5: edraz11 folded before Flop (didn't bet)
Seat 6: n0rthw00d collected (€0.25)



PokerStars Zoom Hand #258486218219:  Hold'em No Limit (€0.05/€0.10) - 2025/11/12 17:48:40 CET [2025/11/12 11:48:40 ET]
Table 'Caph' 6-max Seat #1 is the button
Seat 1: JPZMK-PRO (€29.15 in chips) 
Seat 2: pipinoelbreve9 (€10 in chips) 
Seat 3: Juanprada44 (€11.05 in chips) 
Seat 4: n0rthw00d (€10.32 in chips) 
Seat 5: Andreachiva (€8.60 in chips) 
Seat 6: 00789 (€19.10 in chips) 
pipinoelbreve9: posts small blind €0.05
Juanprada44: posts big blind €0.10
*** HOLE CARDS ***
Dealt to pipinoelbreve9 [3c Kh]
n0rthw00d: folds 
Andreachiva: folds 
00789: folds 
JPZMK-PRO: raises €0.25 to €0.35
pipinoelbreve9: folds 
Juanprada44: folds 
Uncalled bet (€0.25) returned to JPZMK-PRO
JPZMK-PRO collected €0.25 from pot
JPZMK-PRO: doesn't show hand 
*** SUMMARY ***
Total pot €0.25 | Rake €0 
Seat 1: JPZMK-PRO (button) collected (€0.25)
Seat 2: pipinoelbreve9 (small blind) folded before Flop
Seat 3: Juanprada44 (big blind) folded before Flop
Seat 4: n0rthw00d folded before Flop (didn't bet)
Seat 5: Andreachiva folded before Flop (didn't bet)
Seat 6: 00789 folded before Flop (didn't bet)



PokerStars Zoom Hand #258486220287:  Hold'em No Limit (€0.05/€0.10) - 2025/11/12 17:48:51 CET [2025/11/12 11:48:51 ET]
Table 'Caph' 6-max Seat #1 is the button
Seat 1: edraz11 (€10.05 in chips) 
Seat 2: Split2902 (€10 in chips) 
Seat 3: karkuri13 (€12.09 in chips) 
Seat 4: pipinoelbreve9 (€10 in chips) 
Seat 5: EduOjeda55 (€10 in chips) 
Seat 6: Philazazel59 (€10 in chips) 
Split2902: posts small blind €0.05
karkuri13: posts big blind €0.10
*** HOLE CARDS ***
Dealt to pipinoelbreve9 [5c 5d]
pipinoelbreve9: raises €0.15 to €0.25
EduOjeda55: folds 
Philazazel59: folds 
edraz11: folds 
Split2902: calls €0.20
karkuri13: folds 
*** FLOP *** [8h 3s 4d]
Split2902: checks 
pipinoelbreve9: checks 
*** TURN *** [8h 3s 4d] [5s]
Split2902: checks 
pipinoelbreve9: bets €0.38
Split2902: folds 
Uncalled bet (€0.38) returned to pipinoelbreve9
pipinoelbreve9 collected €0.57 from pot
pipinoelbreve9: doesn't show hand 
*** SUMMARY ***
Total pot €0.60 | Rake €0.03 
Board [8h 3s 4d 5s]
Seat 1: edraz11 (button) folded before Flop (didn't bet)
Seat 2: Split2902 (small blind) folded on the Turn
Seat 3: karkuri13 (big blind) folded before Flop
Seat 4: pipinoelbreve9 collected (€0.57)
Seat 5: EduOjeda55 folded before Flop (didn't bet)
Seat 6: Philazazel59 folded before Flop (didn't bet)



PokerStars Zoom Hand #258486229209:  Hold'em No Limit (€0.05/€0.10) - 2025/11/12 17:49:40 CET [2025/11/12 11:49:40 ET]
Table 'Caph' 6-max Seat #1 is the button
Seat 1: Thejul7 (€14.63 in chips) 
Seat 2: imnataa (€23.35 in chips) 
Seat 3: pipinoelbreve9 (€10.32 in chips) 
Seat 4: xhuummm (€17.98 in chips) 
Seat 5: piolina00 (€4.78 in chips) 
Seat 6: kemaniak65 (€6.68 in chips) 
imnataa: posts small blind €0.05
pipinoelbreve9: posts big blind €0.10
*** HOLE CARDS ***
Dealt to pipinoelbreve9 [5d 6h]
xhuummm: raises €0.40 to €0.50
piolina00: folds 
kemaniak65: folds 
Thejul7: folds 
imnataa: folds 
pipinoelbreve9: folds 
Uncalled bet (€0.40) returned to xhuummm
xhuummm collected €0.25 from pot
xhuummm: doesn't show hand 
*** SUMMARY ***
Total pot €0.25 | Rake €0 
Seat 1: Thejul7 (button) folded before Flop (didn't bet)
Seat 2: imnataa (small blind) folded before Flop
Seat 3: pipinoelbreve9 (big blind) folded before Flop
Seat 4: xhuummm collected (€0.25)
Seat 5: piolina00 folded before Flop (didn't bet)
Seat 6: kemaniak65 folded before Flop (didn't bet)



PokerStars Zoom Hand #258486231499:  Hold'em No Limit (€0.05/€0.10) - 2025/11/12 17:49:53 CET [2025/11/12 11:49:53 ET]
Table 'Caph' 6-max Seat #1 is the button
Seat 1: HPforever65 (€9.45 in chips) 
Seat 2: pipinoelbreve9 (€10.22 in chips) 
Seat 3: jontoria (€10 in chips) 
Seat 4: 00789 (€10 in chips) 
Seat 5: n0rthw00d (€10.47 in chips) 
Seat 6: EduOjeda55 (€10.10 in chips) 
pipinoelbreve9: posts small blind €0.05
jontoria: posts big blind €0.10
*** HOLE CARDS ***
Dealt to pipinoelbreve9 [8h 5s]
00789: folds 
n0rthw00d: raises €0.20 to €0.30
EduOjeda55: folds 
HPforever65: folds 
pipinoelbreve9: folds 
jontoria: folds 
Uncalled bet (€0.20) returned to n0rthw00d
n0rthw00d collected €0.25 from pot
n0rthw00d: doesn't show hand 
*** SUMMARY ***
Total pot €0.25 | Rake €0 
Seat 1: HPforever65 (button) folded before Flop (didn't bet)
Seat 2: pipinoelbreve9 (small blind) folded before Flop
Seat 3: jontoria (big blind) folded before Flop
Seat 4: 00789 folded before Flop (didn't bet)
Seat 5: n0rthw00d collected (€0.25)
Seat 6: EduOjeda55 folded before Flop (didn't bet)



PokerStars Zoom Hand #258486232279:  Hold'em No Limit (€0.05/€0.10) - 2025/11/12 17:49:57 CET [2025/11/12 11:49:57 ET]
Table 'Caph' 6-max Seat #1 is the button
Seat 1: pipinoelbreve9 (€10.17 in chips) 
Seat 2: capitãocc (€10 in chips) 
Seat 3: kemaniak65 (€6.63 in chips) 
Seat 4: JUSANAL (€5.21 in chips) 
Seat 5: winsousall (€10.20 in chips) 
Seat 6: toxinho35 (€15.56 in chips) 
capitãocc: posts small blind €0.05
kemaniak65: posts big blind €0.10
*** HOLE CARDS ***
Dealt to pipinoelbreve9 [8c 8h]
JUSANAL: folds 
winsousall: raises €0.19 to €0.29
toxinho35: folds 
pipinoelbreve9: calls €0.29
capitãocc: folds 
kemaniak65: calls €0.19
*** FLOP *** [2h 3h Jc]
kemaniak65: checks 
winsousall: bets €0.45
pipinoelbreve9: calls €0.45
kemaniak65: calls €0.45
*** TURN *** [2h 3h Jc] [4h]
kemaniak65: checks 
winsousall: checks 
pipinoelbreve9: checks 
*** RIVER *** [2h 3h Jc 4h] [Ac]
kemaniak65: bets €1.30
winsousall: folds 
pipinoelbreve9: folds 
Uncalled bet (€1.30) returned to kemaniak65
kemaniak65 collected €2.16 from pot
kemaniak65: doesn't show hand 
*** SUMMARY ***
Total pot €2.27 | Rake €0.11 
Board [2h 3h Jc 4h Ac]
Seat 1: pipinoelbreve9 (button) folded on the River
Seat 2: capitãocc (small blind) folded before Flop
Seat 3: kemaniak65 (big blind) collected (€2.16)
Seat 4: JUSANAL folded before Flop (didn't bet)
Seat 5: winsousall folded on the River
Seat 6: toxinho35 folded before Flop (didn't bet)



PokerStars Zoom Hand #258486244032:  Hold'em No Limit (€0.05/€0.10) - 2025/11/12 17:51:01 CET [2025/11/12 11:51:01 ET]
Table 'Caph' 6-max Seat #1 is the button
Seat 1: bjlcarvalho8 (€10.15 in chips) 
Seat 2: 00789 (€19.41 in chips) 
Seat 3: Durlan (€13.35 in chips) 
Seat 4: Split2902 (€10 in chips) 
Seat 5: capitãocc (€9.95 in chips) 
Seat 6: pipinoelbreve9 (€10 in chips) 
00789: posts small blind €0.05
Durlan: posts big blind €0.10
*** HOLE CARDS ***
Dealt to pipinoelbreve9 [Td Ac]
Split2902: raises €0.15 to €0.25
capitãocc: folds 
pipinoelbreve9: folds 
bjlcarvalho8: folds 
00789: folds 
Durlan: folds 
Uncalled bet (€0.15) returned to Split2902
Split2902 collected €0.25 from pot
Split2902: doesn't show hand 
*** SUMMARY ***
Total pot €0.25 | Rake €0 
Seat 1: bjlcarvalho8 (button) folded before Flop (didn't bet)
Seat 2: 00789 (small blind) folded before Flop
Seat 3: Durlan (big blind) folded before Flop
Seat 4: Split2902 collected (€0.25)
Seat 5: capitãocc folded before Flop (didn't bet)
Seat 6: pipinoelbreve9 folded before Flop (didn't bet)



PokerStars Zoom Hand #258486246049:  Hold'em No Limit (€0.05/€0.10) - 2025/11/12 17:51:12 CET [2025/11/12 11:51:12 ET]
Table 'Caph' 6-max Seat #1 is the button
Seat 1: 00789 (€12.08 in chips) 
Seat 2: lagasalahaga (€18.42 in chips) 
Seat 3: Realoser01 (€6.31 in chips) 
Seat 4: pipinoelbreve9 (€10 in chips) 
Seat 5: Juanprada44 (€17.71 in chips) 
Seat 6: ArmedToad (€20.11 in chips) 
lagasalahaga: posts small blind €0.05
Realoser01: posts big blind €0.10
*** HOLE CARDS ***
Dealt to pipinoelbreve9 [Kh 6d]
pipinoelbreve9: folds 
Juanprada44: folds 
ArmedToad: folds 
00789: raises €0.15 to €0.25
lagasalahaga: folds 
Realoser01: folds 
Uncalled bet (€0.15) returned to 00789
00789 collected €0.25 from pot
00789: doesn't show hand 
*** SUMMARY ***
Total pot €0.25 | Rake €0 
Seat 1: 00789 (button) collected (€0.25)
Seat 2: lagasalahaga (small blind) folded before Flop
Seat 3: Realoser01 (big blind) folded before Flop
Seat 4: pipinoelbreve9 folded before Flop (didn't bet)
Seat 5: Juanprada44 folded before Flop (didn't bet)
Seat 6: ArmedToad folded before Flop (didn't bet)



PokerStars Zoom Hand #258486247106:  Hold'em No Limit (€0.05/€0.10) - 2025/11/12 17:51:18 CET [2025/11/12 11:51:18 ET]
Table 'Caph' 6-max Seat #1 is the button
Seat 1: urkel77 (€11.52 in chips) 
Seat 2: edraz11 (€11.67 in chips) 
Seat 3: pipinoelbreve9 (€10 in chips) 
Seat 4: ArmedToad (€20.11 in chips) 
Seat 5: FllanosB (€12.20 in chips) 
Seat 6: Split2902 (€11.35 in chips) 
edraz11: posts small blind €0.05
pipinoelbreve9: posts big blind €0.10
*** HOLE CARDS ***
Dealt to pipinoelbreve9 [6h Ts]
ArmedToad: folds 
FllanosB: folds 
Split2902: folds 
urkel77: folds 
edraz11: folds 
Uncalled bet (€0.05) returned to pipinoelbreve9
pipinoelbreve9 collected €0.10 from pot
pipinoelbreve9: doesn't show hand 
*** SUMMARY ***
Total pot €0.10 | Rake €0 
Seat 1: urkel77 (button) folded before Flop (didn't bet)
Seat 2: edraz11 (small blind) folded before Flop
Seat 3: pipinoelbreve9 (big blind) collected (€0.10)
Seat 4: ArmedToad folded before Flop (didn't bet)
Seat 5: FllanosB folded before Flop (didn't bet)
Seat 6: Split2902 folded before Flop (didn't bet)



PokerStars Zoom Hand #258486246620:  Hold'em No Limit (€0.05/€0.10) - 2025/11/12 17:51:15 CET [2025/11/12 11:51:15 ET]
Table 'Caph' 6-max Seat #1 is the button
Seat 1: winsousall (€9.31 in chips) 
Seat 2: JPZMK-PRO (€31.62 in chips) 
Seat 3: Juanprada44 (€17.71 in chips) 
Seat 4: QUIQUE JONES (€9.19 in chips) 
Seat 5: MOIVP (€10.20 in chips) 
Seat 6: pipinoelbreve9 (€10 in chips) 
JPZMK-PRO: posts small blind €0.05
Juanprada44: posts big blind €0.10
*** HOLE CARDS ***
Dealt to pipinoelbreve9 [As 2h]
QUIQUE JONES: folds 
MOIVP: folds 
pipinoelbreve9: folds 
winsousall: folds 
JPZMK-PRO: raises €0.20 to €0.30
Juanprada44: calls €0.20
*** FLOP *** [8c Ac 4d]
JPZMK-PRO: checks 
Juanprada44: checks 
*** TURN *** [8c Ac 4d] [Td]
JPZMK-PRO: bets €0.29
Juanprada44: calls €0.29
*** RIVER *** [8c Ac 4d Td] [8h]
JPZMK-PRO: checks 
Juanprada44: checks 
*** SHOW DOWN ***
JPZMK-PRO: shows [Jd 2d] (a pair of Eights)
Juanprada44: shows [Qc Kd] (a pair of Eights - Ace+King kicker)
Juanprada44 collected €1.12 from pot
*** SUMMARY ***
Total pot €1.18 | Rake €0.06 
Board [8c Ac 4d Td 8h]
Seat 1: winsousall (button) folded before Flop (didn't bet)
Seat 2: JPZMK-PRO (small blind) showed [Jd 2d] and lost with a pair of Eights
Seat 3: Juanprada44 (big blind) showed [Qc Kd] and won (€1.12) with a pair of Eights
Seat 4: QUIQUE JONES folded before Flop (didn't bet)
Seat 5: MOIVP folded before Flop (didn't bet)
Seat 6: pipinoelbreve9 folded before Flop (didn't bet)



PokerStars Zoom Hand #258486244992:  Hold'em No Limit (€0.05/€0.10) - 2025/11/12 17:51:06 CET [2025/11/12 11:51:06 ET]
Table 'Caph' 6-max Seat #1 is the button
Seat 1: jontoria (€10 in chips) 
Seat 2: Alex_rally94 (€3.86 in chips) 
Seat 3: capitãocc (€9.95 in chips) 
Seat 4: piolina00 (€4.48 in chips) 
Seat 5: pipinoelbreve9 (€10 in chips) 
Seat 6: jony_manitas (€10 in chips) 
Alex_rally94: posts small blind €0.05
capitãocc: posts big blind €0.10
*** HOLE CARDS ***
Dealt to pipinoelbreve9 [8c Ad]
piolina00: calls €0.10
pipinoelbreve9: folds 
jony_manitas: folds 
jontoria: folds 
Alex_rally94: folds 
capitãocc: checks 
*** FLOP *** [Jh 6h 9s]
capitãocc: checks 
piolina00: checks 
*** TURN *** [Jh 6h 9s] [Qd]
capitãocc: checks 
piolina00: checks 
*** RIVER *** [Jh 6h 9s Qd] [Jd]
capitãocc: checks 
piolina00: checks 
*** SHOW DOWN ***
capitãocc: shows [Kd 9d] (two pair, Jacks and Nines)
piolina00: mucks hand 
capitãocc collected €0.24 from pot
*** SUMMARY ***
Total pot €0.25 | Rake €0.01 
Board [Jh 6h 9s Qd Jd]
Seat 1: jontoria (button) folded before Flop (didn't bet)
Seat 2: Alex_rally94 (small blind) folded before Flop
Seat 3: capitãocc (big blind) showed [Kd 9d] and won (€0.24) with two pair, Jacks and Nines
Seat 4: piolina00 mucked [As Tc]
Seat 5: pipinoelbreve9 folded before Flop (didn't bet)
Seat 6: jony_manitas folded before Flop (didn't bet)



PokerStars Zoom Hand #258486245494:  Hold'em No Limit (€0.05/€0.10) - 2025/11/12 17:51:09 CET [2025/11/12 11:51:09 ET]
Table 'Caph' 6-max Seat #1 is the button
Seat 1: elpinkysharky (€8.02 in chips) 
Seat 2: Split2902 (€11.47 in chips) 
Seat 3: Frekos8975 (€10.15 in chips) 
Seat 4: pipinoelbreve9 (€10 in chips) 
Seat 5: edraz11 (€10.40 in chips) 
Seat 6: toxinho35 (€15.11 in chips) 
Split2902: posts small blind €0.05
Frekos8975: posts big blind €0.10
*** HOLE CARDS ***
Dealt to pipinoelbreve9 [8d 2s]
pipinoelbreve9: folds 
edraz11: folds 
toxinho35: calls €0.10
elpinkysharky: folds 
Split2902: calls €0.05
Frekos8975: checks 
*** FLOP *** [Ks 5d 9s]
Split2902: checks 
Frekos8975: checks 
toxinho35: checks 
*** TURN *** [Ks 5d 9s] [5s]
Split2902: checks 
Frekos8975: checks 
toxinho35: checks 
*** RIVER *** [Ks 5d 9s 5s] [5h]
Split2902: checks 
Frekos8975: checks 
toxinho35: checks 
*** SHOW DOWN ***
Split2902: shows [6s 7h] (three of a kind, Fives)
Frekos8975: shows [3d Th] (three of a kind, Fives - King+Ten kicker)
toxinho35: shows [Qc As] (three of a kind, Fives - Ace kicker)
toxinho35 collected €0.28 from pot
*** SUMMARY ***
Total pot €0.30 | Rake €0.02 
Board [Ks 5d 9s 5s 5h]
Seat 1: elpinkysharky (button) folded before Flop (didn't bet)
Seat 2: Split2902 (small blind) showed [6s 7h] and lost with three of a kind, Fives
Seat 3: Frekos8975 (big blind) showed [3d Th] and lost with three of a kind, Fives
Seat 4: pipinoelbreve9 folded before Flop (didn't bet)
Seat 5: edraz11 folded before Flop (didn't bet)
Seat 6: toxinho35 showed [Qc As] and won (€0.28) with three of a kind, Fives



PokerStars Zoom Hand #258486249521:  Hold'em No Limit (€0.05/€0.10) - 2025/11/12 17:51:31 CET [2025/11/12 11:51:31 ET]
Table 'Caph' 6-max Seat #1 is the button
Seat 1: RVR00128 (€21.64 in chips) 
Seat 2: Split2902 (€10.05 in chips) 
Seat 3: olijmandrea (€9.21 in chips) 
Seat 4: EduOjeda55 (€10.76 in chips) 
Seat 5: pipinoelbreve9 (€10.05 in chips) 
Seat 6: Nunoallin2025 (€7.84 in chips) 
Split2902: posts small blind €0.05
olijmandrea: posts big blind €0.10
*** HOLE CARDS ***
Dealt to pipinoelbreve9 [6d 6h]
EduOjeda55: folds 
pipinoelbreve9: raises €0.15 to €0.25
Nunoallin2025: calls €0.25
RVR00128: raises €0.15 to €0.40
Split2902: folds 
olijmandrea: folds 
pipinoelbreve9: raises €1.10 to €1.50
Nunoallin2025: folds 
RVR00128: calls €1.10
*** FLOP *** [4c 5s Jd]
pipinoelbreve9: bets €2.13
RVR00128: calls €2.13
*** TURN *** [4c 5s Jd] [3h]
pipinoelbreve9: bets €6.42 and is all-in
RVR00128: folds 
Uncalled bet (€6.42) returned to pipinoelbreve9
pipinoelbreve9 collected €7.28 from pot
pipinoelbreve9: doesn't show hand 
*** SUMMARY ***
Total pot €7.66 | Rake €0.38 
Board [4c 5s Jd 3h]
Seat 1: RVR00128 (button) folded on the Turn
Seat 2: Split2902 (small blind) folded before Flop
Seat 3: olijmandrea (big blind) folded before Flop
Seat 4: EduOjeda55 folded before Flop (didn't bet)
Seat 5: pipinoelbreve9 collected (€7.28)
Seat 6: Nunoallin2025 folded before Flop



PokerStars Zoom Hand #258486257990:  Hold'em No Limit (€0.05/€0.10) - 2025/11/12 17:52:17 CET [2025/11/12 11:52:17 ET]
Table 'Caph' 6-max Seat #1 is the button
Seat 1: Juanprada44 (€18.64 in chips) 
Seat 2: pipinoelbreve9 (€13.70 in chips) 
Seat 3: olijmandrea (€11.33 in chips) 
Seat 4: bjlcarvalho8 (€10.60 in chips) 
Seat 5: Split2902 (€19.11 in chips) 
Seat 6: eric 29880 (€7.81 in chips) 
pipinoelbreve9: posts small blind €0.05
olijmandrea: posts big blind €0.10
*** HOLE CARDS ***
Dealt to pipinoelbreve9 [Jd Qs]
bjlcarvalho8: raises €0.25 to €0.35
Split2902: folds 
eric 29880: folds 
Juanprada44: calls €0.35
pipinoelbreve9: calls €0.30
olijmandrea: folds 
*** FLOP *** [8h 4d Ks]
pipinoelbreve9: checks 
bjlcarvalho8: checks 
Juanprada44: checks 
*** TURN *** [8h 4d Ks] [2s]
pipinoelbreve9: checks 
bjlcarvalho8: bets €1.09
Juanprada44: folds 
pipinoelbreve9: folds 
Uncalled bet (€1.09) returned to bjlcarvalho8
bjlcarvalho8 collected €1.09 from pot
bjlcarvalho8: doesn't show hand 
*** SUMMARY ***
Total pot €1.15 | Rake €0.06 
Board [8h 4d Ks 2s]
Seat 1: Juanprada44 (button) folded on the Turn
Seat 2: pipinoelbreve9 (small blind) folded on the Turn
Seat 3: olijmandrea (big blind) folded before Flop
Seat 4: bjlcarvalho8 collected (€1.09)
Seat 5: Split2902 folded before Flop (didn't bet)
Seat 6: eric 29880 folded before Flop (didn't bet)



PokerStars Zoom Hand #258486264101:  Hold'em No Limit (€0.05/€0.10) - 2025/11/12 17:52:50 CET [2025/11/12 11:52:50 ET]
Table 'Caph' 6-max Seat #1 is the button
Seat 1: pipinoelbreve9 (€13.35 in chips) 
Seat 2: Lori057 (€12.81 in chips) 
Seat 3: Realoser01 (€5 in chips) 
Seat 4: piolina00 (€4.07 in chips) 
Seat 5: toxinho35 (€11.83 in chips) 
Seat 6: 00789 (€18.98 in chips) 
Lori057: posts small blind €0.05
Realoser01: posts big blind €0.10
*** HOLE CARDS ***
Dealt to pipinoelbreve9 [5c 8s]
piolina00 has timed out
piolina00: folds 
toxinho35: folds 
00789: folds 
pipinoelbreve9: folds 
Lori057: folds 
Uncalled bet (€0.05) returned to Realoser01
Realoser01 collected €0.10 from pot
Realoser01: doesn't show hand 
*** SUMMARY ***
Total pot €0.10 | Rake €0 
Seat 1: pipinoelbreve9 (button) folded before Flop (didn't bet)
Seat 2: Lori057 (small blind) folded before Flop
Seat 3: Realoser01 (big blind) collected (€0.10)
Seat 4: piolina00 folded before Flop (didn't bet)
Seat 5: toxinho35 folded before Flop (didn't bet)
Seat 6: 00789 folded before Flop (didn't bet)



PokerStars Zoom Hand #258486264635:  Hold'em No Limit (€0.05/€0.10) - 2025/11/12 17:52:53 CET [2025/11/12 11:52:53 ET]
Table 'Caph' 6-max Seat #1 is the button
Seat 1: Durlan (€12.86 in chips) 
Seat 2: luyi-3112 (€10 in chips) 
Seat 3: basukun (€10.72 in chips) 
Seat 4: xhuummm (€18.08 in chips) 
Seat 5: pipinoelbreve9 (€13.35 in chips) 
Seat 6: eric 29880 (€14.72 in chips) 
luyi-3112: posts small blind €0.05
basukun: posts big blind €0.10
*** HOLE CARDS ***
Dealt to pipinoelbreve9 [6s Jc]
xhuummm: folds 
pipinoelbreve9: folds 
eric 29880: folds 
Durlan: raises €0.20 to €0.30
luyi-3112: folds 
basukun: folds 
Uncalled bet (€0.20) returned to Durlan
Durlan collected €0.25 from pot
Durlan: doesn't show hand 
*** SUMMARY ***
Total pot €0.25 | Rake €0 
Seat 1: Durlan (button) collected (€0.25)
Seat 2: luyi-3112 (small blind) folded before Flop
Seat 3: basukun (big blind) folded before Flop
Seat 4: xhuummm folded before Flop (didn't bet)
Seat 5: pipinoelbreve9 folded before Flop (didn't bet)
Seat 6: eric 29880 folded before Flop (didn't bet)



PokerStars Zoom Hand #258486265421:  Hold'em No Limit (€0.05/€0.10) - 2025/11/12 17:52:57 CET [2025/11/12 11:52:57 ET]
Table 'Caph' 6-max Seat #1 is the button
Seat 1: xhuummm (€18.08 in chips) 
Seat 2: winsousall (€10.21 in chips) 
Seat 3: pipinoelbreve9 (€13.35 in chips) 
Seat 4: edraz11 (€11.37 in chips) 
Seat 5: ArmedToad (€20.59 in chips) 
Seat 6: eric 29880 (€14.72 in chips) 
winsousall: posts small blind €0.05
pipinoelbreve9: posts big blind €0.10
*** HOLE CARDS ***
Dealt to pipinoelbreve9 [Kd 7c]
edraz11: folds 
ArmedToad: folds 
eric 29880: folds 
xhuummm: raises €0.10 to €0.20
winsousall: folds 
pipinoelbreve9: calls €0.10
*** FLOP *** [3h 3s 9h]
pipinoelbreve9: checks 
xhuummm: checks 
*** TURN *** [3h 3s 9h] [Qh]
pipinoelbreve9: bets €0.20
xhuummm: folds 
Uncalled bet (€0.20) returned to pipinoelbreve9
pipinoelbreve9 collected €0.43 from pot
pipinoelbreve9: doesn't show hand 
*** SUMMARY ***
Total pot €0.45 | Rake €0.02 
Board [3h 3s 9h Qh]
Seat 1: xhuummm (button) folded on the Turn
Seat 2: winsousall (small blind) folded before Flop
Seat 3: pipinoelbreve9 (big blind) collected (€0.43)
Seat 4: edraz11 folded before Flop (didn't bet)
Seat 5: ArmedToad folded before Flop (didn't bet)
Seat 6: eric 29880 folded before Flop (didn't bet)



PokerStars Zoom Hand #258486269562:  Hold'em No Limit (€0.05/€0.10) - 2025/11/12 17:53:20 CET [2025/11/12 11:53:20 ET]
Table 'Caph' 6-max Seat #1 is the button
Seat 1: Philazazel59 (€10 in chips) 
Seat 2: HPforever65 (€8.75 in chips) 
Seat 3: xhuummm (€17.88 in chips) 
Seat 4: n0rthw00d (€10 in chips) 
Seat 5: FllanosB (€12.49 in chips) 
Seat 6: pipinoelbreve9 (€13.58 in chips) 
HPforever65: posts small blind €0.05
xhuummm: posts big blind €0.10
*** HOLE CARDS ***
Dealt to pipinoelbreve9 [Kc Jd]
n0rthw00d: folds 
FllanosB: raises €0.10 to €0.20
pipinoelbreve9: folds 
Philazazel59: folds 
HPforever65: folds 
xhuummm: folds 
Uncalled bet (€0.10) returned to FllanosB
FllanosB collected €0.25 from pot
FllanosB: doesn't show hand 
*** SUMMARY ***
Total pot €0.25 | Rake €0 
Seat 1: Philazazel59 (button) folded before Flop (didn't bet)
Seat 2: HPforever65 (small blind) folded before Flop
Seat 3: xhuummm (big blind) folded before Flop
Seat 4: n0rthw00d folded before Flop (didn't bet)
Seat 5: FllanosB collected (€0.25)
Seat 6: pipinoelbreve9 folded before Flop (didn't bet)



PokerStars Zoom Hand #258486271244:  Hold'em No Limit (€0.05/€0.10) - 2025/11/12 17:53:29 CET [2025/11/12 11:53:29 ET]
Table 'Caph' 6-max Seat #1 is the button
Seat 1: mickaduj1005 (€13.85 in chips) 
Seat 2: pipinoelbreve9 (€13.58 in chips) 
Seat 3: basukun (€10.52 in chips) 
Seat 4: xhuummm (€17.78 in chips) 
Seat 5: shreddeh (€26.96 in chips) 
Seat 6: toxinho35 (€2.66 in chips) 
pipinoelbreve9: posts small blind €0.05
basukun: posts big blind €0.10
*** HOLE CARDS ***
Dealt to pipinoelbreve9 [Jc Qd]
xhuummm: folds 
shreddeh: folds 
toxinho35: calls €0.10
mickaduj1005: calls €0.10
pipinoelbreve9: raises €0.50 to €0.60
basukun: folds 
toxinho35: folds 
mickaduj1005: calls €0.50
*** FLOP *** [7s 7h Ks]
pipinoelbreve9: bets €0.34
mickaduj1005: folds 
Uncalled bet (€0.34) returned to pipinoelbreve9
pipinoelbreve9 collected €1.33 from pot
pipinoelbreve9: doesn't show hand 
*** SUMMARY ***
Total pot €1.40 | Rake €0.07 
Board [7s 7h Ks]
Seat 1: mickaduj1005 (button) folded on the Flop
Seat 2: pipinoelbreve9 (small blind) collected (€1.33)
Seat 3: basukun (big blind) folded before Flop
Seat 4: xhuummm folded before Flop (didn't bet)
Seat 5: shreddeh folded before Flop (didn't bet)
Seat 6: toxinho35 folded before Flop



PokerStars Zoom Hand #258486277374:  Hold'em No Limit (€0.05/€0.10) - 2025/11/12 17:54:03 CET [2025/11/12 11:54:03 ET]
Table 'Caph' 6-max Seat #1 is the button
Seat 1: pipinoelbreve9 (€14.31 in chips) 
Seat 2: Pollo748 (€8.39 in chips) 
Seat 3: eldurodeduros (€10 in chips) 
Seat 4: toxinho35 (€2.56 in chips) 
Seat 5: piolina00 (€4.75 in chips) 
Seat 6: kemaniak65 (€10.27 in chips) 
Pollo748: posts small blind €0.05
eldurodeduros: posts big blind €0.10
*** HOLE CARDS ***
Dealt to pipinoelbreve9 [7c Qc]
toxinho35: calls €0.10
piolina00: folds 
kemaniak65: folds 
pipinoelbreve9: folds 
Pollo748: calls €0.05
eldurodeduros: checks 
*** FLOP *** [2d 9c 3c]
Pollo748: checks 
eldurodeduros: checks 
toxinho35: checks 
*** TURN *** [2d 9c 3c] [8c]
Pollo748: bets €0.30
eldurodeduros: folds 
toxinho35: folds 
Uncalled bet (€0.30) returned to Pollo748
Pollo748 collected €0.28 from pot
Pollo748: doesn't show hand 
*** SUMMARY ***
Total pot €0.30 | Rake €0.02 
Board [2d 9c 3c 8c]
Seat 1: pipinoelbreve9 (button) folded before Flop (didn't bet)
Seat 2: Pollo748 (small blind) collected (€0.28)
Seat 3: eldurodeduros (big blind) folded on the Turn
Seat 4: toxinho35 folded on the Turn
Seat 5: piolina00 folded before Flop (didn't bet)
Seat 6: kemaniak65 folded before Flop (didn't bet)



PokerStars Zoom Hand #258486278452:  Hold'em No Limit (€0.05/€0.10) - 2025/11/12 17:54:09 CET [2025/11/12 11:54:09 ET]
Table 'Caph' 6-max Seat #1 is the button
Seat 1: basukun (€10.05 in chips) 
Seat 2: CanarioJ23 (€10.41 in chips) 
Seat 3: MOIVP (€10.51 in chips) 
Seat 4: pipinoelbreve9 (€14.31 in chips) 
Seat 5: SLLUISGIOSS (€8 in chips) 
Seat 6: n0rthw00d (€21.21 in chips) 
CanarioJ23: posts small blind €0.05
MOIVP: posts big blind €0.10
*** HOLE CARDS ***
Dealt to pipinoelbreve9 [4s As]
pipinoelbreve9: raises €0.15 to €0.25
SLLUISGIOSS: folds 
n0rthw00d: folds 
basukun: folds 
CanarioJ23: calls €0.20
MOIVP: folds 
*** FLOP *** [5d 7d Js]
CanarioJ23: bets €0.57
pipinoelbreve9: calls €0.57
*** TURN *** [5d 7d Js] [2h]
CanarioJ23: bets €1.65
pipinoelbreve9: folds 
Uncalled bet (€1.65) returned to CanarioJ23
CanarioJ23 collected €1.65 from pot
CanarioJ23: doesn't show hand 
*** SUMMARY ***
Total pot €1.74 | Rake €0.09 
Board [5d 7d Js 2h]
Seat 1: basukun (button) folded before Flop (didn't bet)
Seat 2: CanarioJ23 (small blind) collected (€1.65)
Seat 3: MOIVP (big blind) folded before Flop
Seat 4: pipinoelbreve9 folded on the Turn
Seat 5: SLLUISGIOSS folded before Flop (didn't bet)
Seat 6: n0rthw00d folded before Flop (didn't bet)



PokerStars Zoom Hand #258486285750:  Hold'em No Limit (€0.05/€0.10) - 2025/11/12 17:54:50 CET [2025/11/12 11:54:50 ET]
Table 'Caph' 6-max Seat #1 is the button
Seat 1: xhuummm (€22.87 in chips) 
Seat 2: Juanprada44 (€21.64 in chips) 
Seat 3: MOIVP (€10 in chips) 
Seat 4: pipinoelbreve9 (€13.49 in chips) 
Seat 5: poutargue13 (€10 in chips) 
Seat 6: edraz11 (€10.62 in chips) 
Juanprada44: posts small blind €0.05
MOIVP: posts big blind €0.10
*** HOLE CARDS ***
Dealt to pipinoelbreve9 [3c 7s]
pipinoelbreve9: folds 
poutargue13: folds 
edraz11: folds 
xhuummm: folds 
Juanprada44: folds 
Uncalled bet (€0.05) returned to MOIVP
MOIVP collected €0.10 from pot
MOIVP: doesn't show hand 
*** SUMMARY ***
Total pot €0.10 | Rake €0 
Seat 1: xhuummm (button) folded before Flop (didn't bet)
Seat 2: Juanprada44 (small blind) folded before Flop
Seat 3: MOIVP (big blind) collected (€0.10)
Seat 4: pipinoelbreve9 folded before Flop (didn't bet)
Seat 5: poutargue13 folded before Flop (didn't bet)
Seat 6: edraz11 folded before Flop (didn't bet)



PokerStars Zoom Hand #258486286314:  Hold'em No Limit (€0.05/€0.10) - 2025/11/12 17:54:54 CET [2025/11/12 11:54:54 ET]
Table 'Caph' 6-max Seat #1 is the button
Seat 1: eric 29880 (€7.31 in chips) 
Seat 2: edraz11 (€10.62 in chips) 
Seat 3: n0rthw00d (€21.21 in chips) 
Seat 4: SLLUISGIOSS (€8 in chips) 
Seat 5: capitãocc (€9.64 in chips) 
Seat 6: pipinoelbreve9 (€13.49 in chips) 
edraz11: posts small blind €0.05
n0rthw00d: posts big blind €0.10
*** HOLE CARDS ***
Dealt to pipinoelbreve9 [5s 6d]
SLLUISGIOSS: folds 
capitãocc: folds 
pipinoelbreve9: folds 
eric 29880: folds 
edraz11: folds 
Uncalled bet (€0.05) returned to n0rthw00d
n0rthw00d collected €0.10 from pot
n0rthw00d: doesn't show hand 
*** SUMMARY ***
Total pot €0.10 | Rake €0 
Seat 1: eric 29880 (button) folded before Flop (didn't bet)
Seat 2: edraz11 (small blind) folded before Flop
Seat 3: n0rthw00d (big blind) collected (€0.10)
Seat 4: SLLUISGIOSS folded before Flop (didn't bet)
Seat 5: capitãocc folded before Flop (didn't bet)
Seat 6: pipinoelbreve9 folded before Flop (didn't bet)



PokerStars Zoom Hand #258486286860:  Hold'em No Limit (€0.05/€0.10) - 2025/11/12 17:54:57 CET [2025/11/12 11:54:57 ET]
Table 'Caph' 6-max Seat #1 is the button
Seat 1: pipinoelbreve9 (€13.49 in chips) 
Seat 2: nunoaga (€9.25 in chips) 
Seat 3: Split2902 (€13.40 in chips) 
Seat 4: HPforever65 (€9.07 in chips) 
Seat 5: poutargue13 (€10 in chips) 
Seat 6: JUSANAL (€7.87 in chips) 
nunoaga: posts small blind €0.05
Split2902: posts big blind €0.10
*** HOLE CARDS ***
Dealt to pipinoelbreve9 [Th Qh]
HPforever65: folds 
poutargue13: folds 
JUSANAL: folds 
pipinoelbreve9: raises €0.15 to €0.25
nunoaga: folds 
Split2902: folds 
Uncalled bet (€0.15) returned to pipinoelbreve9
pipinoelbreve9 collected €0.25 from pot
pipinoelbreve9: doesn't show hand 
*** SUMMARY ***
Total pot €0.25 | Rake €0 
Seat 1: pipinoelbreve9 (button) collected (€0.25)
Seat 2: nunoaga (small blind) folded before Flop
Seat 3: Split2902 (big blind) folded before Flop
Seat 4: HPforever65 folded before Flop (didn't bet)
Seat 5: poutargue13 folded before Flop (didn't bet)
Seat 6: JUSANAL folded before Flop (didn't bet)



PokerStars Zoom Hand #258486290197:  Hold'em No Limit (€0.05/€0.10) - 2025/11/12 17:55:15 CET [2025/11/12 11:55:15 ET]
Table 'Caph' 6-max Seat #1 is the button
Seat 1: edraz11 (€19.70 in chips) 
Seat 2: MOIVP (€10 in chips) 
Seat 3: pipinoelbreve9 (€13.64 in chips) 
Seat 4: Alex_rally94 (€3.65 in chips) 
Seat 5: FllanosB (€12.44 in chips) 
Seat 6: 00789 (€10.97 in chips) 
MOIVP: posts small blind €0.05
pipinoelbreve9: posts big blind €0.10
*** HOLE CARDS ***
Dealt to pipinoelbreve9 [Ad Jh]
Alex_rally94: raises €0.10 to €0.20
FllanosB: folds 
00789: folds 
edraz11: calls €0.20
MOIVP: folds 
pipinoelbreve9: calls €0.10
*** FLOP *** [6c 9h 4d]
pipinoelbreve9: checks 
Alex_rally94: checks 
edraz11: bets €0.31
pipinoelbreve9: calls €0.31
Alex_rally94: folds 
*** TURN *** [6c 9h 4d] [5d]
pipinoelbreve9: checks 
edraz11: bets €0.91
pipinoelbreve9: raises €1 to €1.91
edraz11: calls €1
*** RIVER *** [6c 9h 4d 5d] [Jd]
pipinoelbreve9: bets €4.84
edraz11: folds 
Uncalled bet (€4.84) returned to pipinoelbreve9
pipinoelbreve9 collected €4.84 from pot
pipinoelbreve9: doesn't show hand 
*** SUMMARY ***
Total pot €5.09 | Rake €0.25 
Board [6c 9h 4d 5d Jd]
Seat 1: edraz11 (button) folded on the River
Seat 2: MOIVP (small blind) folded before Flop
Seat 3: pipinoelbreve9 (big blind) collected (€4.84)
Seat 4: Alex_rally94 folded on the Flop
Seat 5: FllanosB folded before Flop (didn't bet)
Seat 6: 00789 folded before Flop (didn't bet)



PokerStars Zoom Hand #258486297021:  Hold'em No Limit (€0.05/€0.10) - 2025/11/12 17:56:03 CET [2025/11/12 11:56:03 ET]
Table 'Caph' 6-max Seat #1 is the button
Seat 1: L.Félix88 (€10.26 in chips) 
Seat 2: CanarioJ23 (€10.79 in chips) 
Seat 3: shreddeh (€27.82 in chips) 
Seat 4: Barikibynight (€7.80 in chips) 
Seat 5: pipinoelbreve9 (€16.06 in chips) 
Seat 6: MOIVP (€10 in chips) 
CanarioJ23: posts small blind €0.05
shreddeh: posts big blind €0.10
*** HOLE CARDS ***
Dealt to pipinoelbreve9 [4h 2s]
Barikibynight: folds 
pipinoelbreve9: folds 
MOIVP: folds 
L.Félix88: folds 
CanarioJ23: calls €0.05
shreddeh: checks 
*** FLOP *** [9d 9s 7c]
CanarioJ23: checks 
shreddeh: checks 
*** TURN *** [9d 9s 7c] [3c]
CanarioJ23: bets €0.10
shreddeh: calls €0.10
*** RIVER *** [9d 9s 7c 3c] [Qc]
CanarioJ23: checks 
shreddeh: checks 
*** SHOW DOWN ***
CanarioJ23: shows [3d Jc] (two pair, Nines and Threes)
shreddeh: shows [5c 3h] (two pair, Nines and Threes)
CanarioJ23 collected €0.19 from pot
shreddeh collected €0.19 from pot
*** SUMMARY ***
Total pot €0.40 | Rake €0.02 
Board [9d 9s 7c 3c Qc]
Seat 1: L.Félix88 (button) folded before Flop (didn't bet)
Seat 2: CanarioJ23 (small blind) showed [3d Jc] and won (€0.19) with two pair, Nines and Threes
Seat 3: shreddeh (big blind) showed [5c 3h] and won (€0.19) with two pair, Nines and Threes
Seat 4: Barikibynight folded before Flop (didn't bet)
Seat 5: pipinoelbreve9 folded before Flop (didn't bet)
Seat 6: MOIVP folded before Flop (didn't bet)



PokerStars Zoom Hand #258486297697:  Hold'em No Limit (€0.05/€0.10) - 2025/11/12 17:56:08 CET [2025/11/12 11:56:08 ET]
Table 'Caph' 6-max Seat #1 is the button
Seat 1: elpinkysharky (€6.87 in chips) 
Seat 2: pipinoelbreve9 (€16.06 in chips) 
Seat 3: ArmedToad (€19.38 in chips) 
Seat 4: luyi-3112 (€11.28 in chips) 
Seat 5: chesbas_one (€13.27 in chips) 
Seat 6: jkmni (€10 in chips) 
pipinoelbreve9: posts small blind €0.05
ArmedToad: posts big blind €0.10
*** HOLE CARDS ***
Dealt to pipinoelbreve9 [5c Ac]
luyi-3112: raises €0.15 to €0.25
chesbas_one: folds 
jkmni: folds 
elpinkysharky: folds 
pipinoelbreve9: raises €0.85 to €1.10
ArmedToad: folds 
luyi-3112: calls €0.85
*** FLOP *** [5h 2d Qh]
pipinoelbreve9: bets €0.72
luyi-3112: calls €0.72
*** TURN *** [5h 2d Qh] [6d]
pipinoelbreve9: checks 
luyi-3112: checks 
*** RIVER *** [5h 2d Qh 6d] [Kh]
pipinoelbreve9: checks 
luyi-3112: checks 
*** SHOW DOWN ***
pipinoelbreve9: shows [5c Ac] (a pair of Fives)
luyi-3112: shows [7c 7h] (a pair of Sevens)
luyi-3112 collected €3.55 from pot
*** SUMMARY ***
Total pot €3.74 | Rake €0.19 
Board [5h 2d Qh 6d Kh]
Seat 1: elpinkysharky (button) folded before Flop (didn't bet)
Seat 2: pipinoelbreve9 (small blind) showed [5c Ac] and lost with a pair of Fives
Seat 3: ArmedToad (big blind) folded before Flop
Seat 4: luyi-3112 showed [7c 7h] and won (€3.55) with a pair of Sevens
Seat 5: chesbas_one folded before Flop (didn't bet)
Seat 6: jkmni folded before Flop (didn't bet)



PokerStars Zoom Hand #258486310287:  Hold'em No Limit (€0.05/€0.10) - 2025/11/12 17:57:38 CET [2025/11/12 11:57:38 ET]
Table 'Caph' 6-max Seat #1 is the button
Seat 1: edraz11 (€17.30 in chips) 
Seat 2: capitãocc (€9.91 in chips) 
Seat 3: poutargue13 (€8.73 in chips) 
Seat 4: eldurodeduros (€10 in chips) 
Seat 5: pipinoelbreve9 (€14.24 in chips) 
Seat 6: Frekos8975 (€11.14 in chips) 
capitãocc: posts small blind €0.05
poutargue13: posts big blind €0.10
*** HOLE CARDS ***
Dealt to pipinoelbreve9 [5h 9h]
eldurodeduros: folds 
pipinoelbreve9: folds 
Frekos8975: folds 
edraz11: folds 
capitãocc: folds 
Uncalled bet (€0.05) returned to poutargue13
poutargue13 collected €0.10 from pot
poutargue13: doesn't show hand 
*** SUMMARY ***
Total pot €0.10 | Rake €0 
Seat 1: edraz11 (button) folded before Flop (didn't bet)
Seat 2: capitãocc (small blind) folded before Flop
Seat 3: poutargue13 (big blind) collected (€0.10)
Seat 4: eldurodeduros folded before Flop (didn't bet)
Seat 5: pipinoelbreve9 folded before Flop (didn't bet)
Seat 6: Frekos8975 folded before Flop (didn't bet)



PokerStars Zoom Hand #258486312469:  Hold'em No Limit (€0.05/€0.10) - 2025/11/12 17:57:54 CET [2025/11/12 11:57:54 ET]
Table 'Caph' 6-max Seat #1 is the button
Seat 1: nunocascops (€10 in chips) 
Seat 2: xhuummm (€21.45 in chips) 
Seat 3: pipinoelbreve9 (€14.19 in chips) 
Seat 4: SLLUISGIOSS (€8.55 in chips) 
Seat 5: iker finito (€0.83 in chips) 
Seat 6: traelo (€9.90 in chips) 
xhuummm: posts small blind €0.05
pipinoelbreve9: posts big blind €0.10
*** HOLE CARDS ***
Dealt to pipinoelbreve9 [Ad Jd]
SLLUISGIOSS: folds 
iker finito: raises €0.73 to €0.83 and is all-in
traelo: folds 
nunocascops: folds 
xhuummm: folds 
pipinoelbreve9: calls €0.73
*** FLOP *** [6s 9h 8d]
*** TURN *** [6s 9h 8d] [Qh]
*** RIVER *** [6s 9h 8d Qh] [7c]
*** SHOW DOWN ***
pipinoelbreve9: shows [Ad Jd] (high card Ace)
iker finito: shows [Td 3d] (a straight, Six to Ten)
iker finito collected €1.62 from pot
*** SUMMARY ***
Total pot €1.71 | Rake €0.09 
Board [6s 9h 8d Qh 7c]
Seat 1: nunocascops (button) folded before Flop (didn't bet)
Seat 2: xhuummm (small blind) folded before Flop
Seat 3: pipinoelbreve9 (big blind) showed [Ad Jd] and lost with high card Ace
Seat 4: SLLUISGIOSS folded before Flop (didn't bet)
Seat 5: iker finito showed [Td 3d] and won (€1.62) with a straight, Six to Ten
Seat 6: traelo folded before Flop (didn't bet)



PokerStars Zoom Hand #258486311367:  Hold'em No Limit (€0.05/€0.10) - 2025/11/12 17:57:46 CET [2025/11/12 11:57:46 ET]
Table 'Caph' 6-max Seat #1 is the button
Seat 1: Frekos8975 (€11.14 in chips) 
Seat 2: pipinoelbreve9 (€14.24 in chips) 
Seat 3: toxinho35 (€4.98 in chips) 
Seat 4: edraz11 (€17.30 in chips) 
Seat 5: n0rthw00d (€20.56 in chips) 
Seat 6: eldurodeduros (€10.32 in chips) 
pipinoelbreve9: posts small blind €0.05
toxinho35: posts big blind €0.10
*** HOLE CARDS ***
Dealt to pipinoelbreve9 [Td 3s]
edraz11: folds 
n0rthw00d: raises €0.20 to €0.30
eldurodeduros: raises €0.60 to €0.90
Frekos8975: folds 
pipinoelbreve9: folds 
toxinho35: folds 
n0rthw00d: calls €0.60
*** FLOP *** [7h 2c Qd]
n0rthw00d: checks 
eldurodeduros: bets €0.61
n0rthw00d: calls €0.61
*** TURN *** [7h 2c Qd] [9c]
n0rthw00d: checks 
eldurodeduros: checks 
*** RIVER *** [7h 2c Qd 9c] [3h]
n0rthw00d: checks 
eldurodeduros: checks 
*** SHOW DOWN ***
n0rthw00d: shows [9s 9d] (three of a kind, Nines)
eldurodeduros: mucks hand 
n0rthw00d collected €3.01 from pot
*** SUMMARY ***
Total pot €3.17 | Rake €0.16 
Board [7h 2c Qd 9c 3h]
Seat 1: Frekos8975 (button) folded before Flop (didn't bet)
Seat 2: pipinoelbreve9 (small blind) folded before Flop
Seat 3: toxinho35 (big blind) folded before Flop
Seat 4: edraz11 folded before Flop (didn't bet)
Seat 5: n0rthw00d showed [9s 9d] and won (€3.01) with three of a kind, Nines
Seat 6: eldurodeduros mucked [Js Jh]



PokerStars Zoom Hand #258486311026:  Hold'em No Limit (€0.05/€0.10) - 2025/11/12 17:57:43 CET [2025/11/12 11:57:43 ET]
Table 'Caph' 6-max Seat #1 is the button
Seat 1: Juanprada44 (€20.94 in chips) 
Seat 2: luyi-3112 (€13.01 in chips) 
Seat 3: jontoria (€16.72 in chips) 
Seat 4: Andreachiva (€15.49 in chips) 
Seat 5: winsousall (€19.60 in chips) 
Seat 6: pipinoelbreve9 (€14.24 in chips) 
luyi-3112: posts small blind €0.05
jontoria: posts big blind €0.10
*** HOLE CARDS ***
Dealt to pipinoelbreve9 [Tc 6c]
Andreachiva: folds 
winsousall: raises €0.15 to €0.25
pipinoelbreve9: folds 
Juanprada44: folds 
luyi-3112: folds 
jontoria: folds 
Uncalled bet (€0.15) returned to winsousall
winsousall collected €0.25 from pot
winsousall: doesn't show hand 
*** SUMMARY ***
Total pot €0.25 | Rake €0 
Seat 1: Juanprada44 (button) folded before Flop (didn't bet)
Seat 2: luyi-3112 (small blind) folded before Flop
Seat 3: jontoria (big blind) folded before Flop
Seat 4: Andreachiva folded before Flop (didn't bet)
Seat 5: winsousall collected (€0.25)
Seat 6: pipinoelbreve9 folded before Flop (didn't bet)



PokerStars Zoom Hand #258486311862:  Hold'em No Limit (€0.05/€0.10) - 2025/11/12 17:57:49 CET [2025/11/12 11:57:49 ET]
Table 'Caph' 6-max Seat #1 is the button
Seat 1: MOIVP (€13.13 in chips) 
Seat 2: Frekos8975 (€11.14 in chips) 
Seat 3: ArmedToad (€19.60 in chips) 
Seat 4: pipinoelbreve9 (€14.19 in chips) 
Seat 5: SLLUISGIOSS (€8.55 in chips) 
Seat 6: Thejul7 (€9.55 in chips) 
Frekos8975: posts small blind €0.05
ArmedToad: posts big blind €0.10
*** HOLE CARDS ***
Dealt to pipinoelbreve9 [3d Qs]
pipinoelbreve9: folds 
SLLUISGIOSS: folds 
Thejul7: calls €0.10
MOIVP: folds 
Frekos8975: raises €0.40 to €0.50
ArmedToad: folds 
Thejul7: calls €0.40
*** FLOP *** [5c 4s 8d]
Frekos8975: bets €0.50
Thejul7: calls €0.50
*** TURN *** [5c 4s 8d] [7h]
Frekos8975: bets €1.42
Thejul7: folds 
Uncalled bet (€1.42) returned to Frekos8975
Frekos8975 collected €2 from pot
Frekos8975: doesn't show hand 
*** SUMMARY ***
Total pot €2.10 | Rake €0.10 
Board [5c 4s 8d 7h]
Seat 1: MOIVP (button) folded before Flop (didn't bet)
Seat 2: Frekos8975 (small blind) collected (€2)
Seat 3: ArmedToad (big blind) folded before Flop
Seat 4: pipinoelbreve9 folded before Flop (didn't bet)
Seat 5: SLLUISGIOSS folded before Flop (didn't bet)
Seat 6: Thejul7 folded on the Turn



PokerStars Zoom Hand #258486315327:  Hold'em No Limit (€0.05/€0.10) - 2025/11/12 17:58:15 CET [2025/11/12 11:58:15 ET]
Table 'Caph' 6-max Seat #1 is the button
Seat 1: shreddeh (€28.18 in chips) 
Seat 2: jontoria (€10 in chips) 
Seat 3: nunocascops (€10 in chips) 
Seat 4: capitãocc (€10.01 in chips) 
Seat 5: n0z0mi1 (€25.38 in chips) 
Seat 6: pipinoelbreve9 (€13.36 in chips) 
jontoria: posts small blind €0.05
nunocascops: posts big blind €0.10
*** HOLE CARDS ***
Dealt to pipinoelbreve9 [Ac Ks]
capitãocc: raises €0.20 to €0.30
n0z0mi1: folds 
pipinoelbreve9: raises €0.60 to €0.90
shreddeh: folds 
jontoria: folds 
nunocascops: folds 
capitãocc: calls €0.60
*** FLOP *** [5c 8d 3s]
capitãocc: checks 
pipinoelbreve9: checks 
*** TURN *** [5c 8d 3s] [9c]
capitãocc: checks 
pipinoelbreve9: checks 
*** RIVER *** [5c 8d 3s 9c] [6d]
capitãocc: checks 
pipinoelbreve9: checks 
*** SHOW DOWN ***
capitãocc: shows [Qh Kh] (high card King)
pipinoelbreve9: shows [Ac Ks] (high card Ace)
pipinoelbreve9 collected €1.85 from pot
*** SUMMARY ***
Total pot €1.95 | Rake €0.10 
Board [5c 8d 3s 9c 6d]
Seat 1: shreddeh (button) folded before Flop (didn't bet)
Seat 2: jontoria (small blind) folded before Flop
Seat 3: nunocascops (big blind) folded before Flop
Seat 4: capitãocc showed [Qh Kh] and lost with high card King
Seat 5: n0z0mi1 folded before Flop (didn't bet)
Seat 6: pipinoelbreve9 showed [Ac Ks] and won (€1.85) with high card Ace



PokerStars Zoom Hand #258486322688:  Hold'em No Limit (€0.05/€0.10) - 2025/11/12 17:59:07 CET [2025/11/12 11:59:07 ET]
Table 'Caph' 6-max Seat #1 is the button
Seat 1: pipinoelbreve9 (€14.31 in chips) 
Seat 2: winsousall (€19.11 in chips) 
Seat 3: jkmni (€10 in chips) 
Seat 4: traelo (€10.70 in chips) 
Seat 5: MOIVP (€10.58 in chips) 
Seat 6: n0rthw00d (€22.18 in chips) 
winsousall: posts small blind €0.05
jkmni: posts big blind €0.10
*** HOLE CARDS ***
Dealt to pipinoelbreve9 [2s 8d]
traelo: folds 
MOIVP: folds 
n0rthw00d: folds 
pipinoelbreve9: folds 
winsousall: folds 
Uncalled bet (€0.05) returned to jkmni
jkmni collected €0.10 from pot
jkmni: doesn't show hand 
*** SUMMARY ***
Total pot €0.10 | Rake €0 
Seat 1: pipinoelbreve9 (button) folded before Flop (didn't bet)
Seat 2: winsousall (small blind) folded before Flop
Seat 3: jkmni (big blind) collected (€0.10)
Seat 4: traelo folded before Flop (didn't bet)
Seat 5: MOIVP folded before Flop (didn't bet)
Seat 6: n0rthw00d folded before Flop (didn't bet)



PokerStars Zoom Hand #258486323239:  Hold'em No Limit (€0.05/€0.10) - 2025/11/12 17:59:11 CET [2025/11/12 11:59:11 ET]
Table 'Caph' 6-max Seat #1 is the button
Seat 1: winsousall (€19.06 in chips) 
Seat 2: HomeLesS_DF (€10.15 in chips) 
Seat 3: 00789 (€23.68 in chips) 
Seat 4: amsterdam141 (€2.98 in chips) 
Seat 5: pipinoelbreve9 (€14.31 in chips) 
Seat 6: MOIVP (€10.58 in chips) 
HomeLesS_DF: posts small blind €0.05
00789: posts big blind €0.10
*** HOLE CARDS ***
Dealt to pipinoelbreve9 [3s Qs]
amsterdam141: folds 
pipinoelbreve9: folds 
MOIVP: folds 
winsousall: folds 
HomeLesS_DF: raises €0.20 to €0.30
00789: folds 
Uncalled bet (€0.20) returned to HomeLesS_DF
HomeLesS_DF collected €0.20 from pot
HomeLesS_DF: doesn't show hand 
*** SUMMARY ***
Total pot €0.20 | Rake €0 
Seat 1: winsousall (button) folded before Flop (didn't bet)
Seat 2: HomeLesS_DF (small blind) collected (€0.20)
Seat 3: 00789 (big blind) folded before Flop
Seat 4: amsterdam141 folded before Flop (didn't bet)
Seat 5: pipinoelbreve9 folded before Flop (didn't bet)
Seat 6: MOIVP folded before Flop (didn't bet)



PokerStars Zoom Hand #258486323836:  Hold'em No Limit (€0.05/€0.10) - 2025/11/12 17:59:15 CET [2025/11/12 11:59:15 ET]
Table 'Caph' 6-max Seat #1 is the button
Seat 1: QUIQUE JONES (€8 in chips) 
Seat 2: jontoria (€16.62 in chips) 
Seat 3: juankimar (€10.08 in chips) 
Seat 4: pipinoelbreve9 (€14.31 in chips) 
Seat 5: winsousall (€19.06 in chips) 
Seat 6: wilielninio (€10 in chips) 
jontoria: posts small blind €0.05
juankimar: posts big blind €0.10
*** HOLE CARDS ***
Dealt to pipinoelbreve9 [6d 4c]
pipinoelbreve9: folds 
winsousall: raises €0.16 to €0.26
wilielninio: raises €0.64 to €0.90
QUIQUE JONES: folds 
jontoria: folds 
juankimar: folds 
winsousall: folds 
Uncalled bet (€0.64) returned to wilielninio
wilielninio collected €0.67 from pot
wilielninio: doesn't show hand 
*** SUMMARY ***
Total pot €0.67 | Rake €0 
Seat 1: QUIQUE JONES (button) folded before Flop (didn't bet)
Seat 2: jontoria (small blind) folded before Flop
Seat 3: juankimar (big blind) folded before Flop
Seat 4: pipinoelbreve9 folded before Flop (didn't bet)
Seat 5: winsousall folded before Flop
Seat 6: wilielninio collected (€0.67)



PokerStars Zoom Hand #258486324906:  Hold'em No Limit (€0.05/€0.10) - 2025/11/12 17:59:23 CET [2025/11/12 11:59:23 ET]
Table 'Caph' 6-max Seat #1 is the button
Seat 1: Juanprada44 (€22.65 in chips) 
Seat 2: HomeLesS_DF (€10 in chips) 
Seat 3: pipinoelbreve9 (€14.31 in chips) 
Seat 4: Philazazel59 (€10 in chips) 
Seat 5: edraz11 (€12.04 in chips) 
Seat 6: eldurodeduros (€10 in chips) 
HomeLesS_DF: posts small blind €0.05
pipinoelbreve9: posts big blind €0.10
*** HOLE CARDS ***
Dealt to pipinoelbreve9 [5c 8h]
Philazazel59: folds 
edraz11: folds 
eldurodeduros: folds 
Juanprada44: folds 
HomeLesS_DF: folds 
Uncalled bet (€0.05) returned to pipinoelbreve9
pipinoelbreve9 collected €0.10 from pot
pipinoelbreve9: doesn't show hand 
*** SUMMARY ***
Total pot €0.10 | Rake €0 
Seat 1: Juanprada44 (button) folded before Flop (didn't bet)
Seat 2: HomeLesS_DF (small blind) folded before Flop
Seat 3: pipinoelbreve9 (big blind) collected (€0.10)
Seat 4: Philazazel59 folded before Flop (didn't bet)
Seat 5: edraz11 folded before Flop (didn't bet)
Seat 6: eldurodeduros folded before Flop (didn't bet)



PokerStars Zoom Hand #258486326691:  Hold'em No Limit (€0.05/€0.10) - 2025/11/12 17:59:35 CET [2025/11/12 11:59:35 ET]
Table 'Caph' 6-max Seat #1 is the button
Seat 1: edraz11 (€10.25 in chips) 
Seat 2: pipinoelbreve9 (€14.36 in chips) 
Seat 3: HomeLesS_DF (€10 in chips) 
Seat 4: capitan5130 (€4.85 in chips) 
Seat 5: basukun (€15.42 in chips) 
Seat 6: Lori057 (€13.79 in chips) 
pipinoelbreve9: posts small blind €0.05
HomeLesS_DF: posts big blind €0.10
*** HOLE CARDS ***
Dealt to pipinoelbreve9 [7s Jd]
capitan5130: raises €0.10 to €0.20
basukun: folds 
Lori057: folds 
edraz11: folds 
pipinoelbreve9: folds 
HomeLesS_DF: folds 
Uncalled bet (€0.10) returned to capitan5130
capitan5130 collected €0.25 from pot
capitan5130: doesn't show hand 
*** SUMMARY ***
Total pot €0.25 | Rake €0 
Seat 1: edraz11 (button) folded before Flop (didn't bet)
Seat 2: pipinoelbreve9 (small blind) folded before Flop
Seat 3: HomeLesS_DF (big blind) folded before Flop
Seat 4: capitan5130 collected (€0.25)
Seat 5: basukun folded before Flop (didn't bet)
Seat 6: Lori057 folded before Flop (didn't bet)



PokerStars Zoom Hand #258486324238:  Hold'em No Limit (€0.05/€0.10) - 2025/11/12 17:59:18 CET [2025/11/12 11:59:18 ET]
Table 'Caph' 6-max Seat #1 is the button
Seat 1: pipinoelbreve9 (€14.31 in chips) 
Seat 2: Split2902 (€15.50 in chips) 
Seat 3: amsterdam141 (€2.98 in chips) 
Seat 4: toxinho35 (€13.55 in chips) 
Seat 5: n0rthw00d (€22.18 in chips) 
Seat 6: eric 29880 (€1.66 in chips) 
Split2902: posts small blind €0.05
amsterdam141: posts big blind €0.10
*** HOLE CARDS ***
Dealt to pipinoelbreve9 [Th 4s]
toxinho35: calls €0.10
n0rthw00d: folds 
eric 29880: folds 
pipinoelbreve9: folds 
Split2902: folds 
amsterdam141: checks 
*** FLOP *** [Ah Ts As]
amsterdam141: checks 
toxinho35: checks 
*** TURN *** [Ah Ts As] [Kc]
amsterdam141: checks 
toxinho35: checks 
*** RIVER *** [Ah Ts As Kc] [Ks]
amsterdam141: checks 
toxinho35: bets €0.24
amsterdam141: folds 
Uncalled bet (€0.24) returned to toxinho35
toxinho35 collected €0.24 from pot
toxinho35: doesn't show hand 
*** SUMMARY ***
Total pot €0.25 | Rake €0.01 
Board [Ah Ts As Kc Ks]
Seat 1: pipinoelbreve9 (button) folded before Flop (didn't bet)
Seat 2: Split2902 (small blind) folded before Flop
Seat 3: amsterdam141 (big blind) folded on the River
Seat 4: toxinho35 collected (€0.24)
Seat 5: n0rthw00d folded before Flop (didn't bet)
Seat 6: eric 29880 folded before Flop (didn't bet)



PokerStars Zoom Hand #258486330425:  Hold'em No Limit (€0.05/€0.10) - 2025/11/12 18:00:01 CET [2025/11/12 12:00:01 ET]
Table 'Caph' 6-max Seat #1 is the button
Seat 1: Thejul7 (€5.61 in chips) 
Seat 2: HomeLesS_DF (€10 in chips) 
Seat 3: pipinoelbreve9 (€14.26 in chips) 
Seat 4: dtdavid05 (€16.42 in chips) 
Seat 5: jontoria (€10 in chips) 
Seat 6: LETAN77 (€10.79 in chips) 
HomeLesS_DF: posts small blind €0.05
pipinoelbreve9: posts big blind €0.10
*** HOLE CARDS ***
Dealt to pipinoelbreve9 [2h 4c]
dtdavid05: folds 
jontoria: folds 
LETAN77: folds 
Thejul7: folds 
HomeLesS_DF: raises €0.15 to €0.25
pipinoelbreve9: folds 
Uncalled bet (€0.15) returned to HomeLesS_DF
HomeLesS_DF collected €0.20 from pot
HomeLesS_DF: doesn't show hand 
*** SUMMARY ***
Total pot €0.20 | Rake €0 
Seat 1: Thejul7 (button) folded before Flop (didn't bet)
Seat 2: HomeLesS_DF (small blind) collected (€0.20)
Seat 3: pipinoelbreve9 (big blind) folded before Flop
Seat 4: dtdavid05 folded before Flop (didn't bet)
Seat 5: jontoria folded before Flop (didn't bet)
Seat 6: LETAN77 folded before Flop (didn't bet)



PokerStars Zoom Hand #258486328691:  Hold'em No Limit (€0.05/€0.10) - 2025/11/12 17:59:49 CET [2025/11/12 11:59:49 ET]
Table 'Caph' 6-max Seat #1 is the button
Seat 1: HomeLesS_DF (€10.15 in chips) 
Seat 2: chesbas_one (€16.86 in chips) 
Seat 3: Realoser01 (€4.02 in chips) 
Seat 4: Lori057 (€13.79 in chips) 
Seat 5: pipinoelbreve9 (€14.31 in chips) 
Seat 6: Andreachiva (€17.41 in chips) 
chesbas_one: posts small blind €0.05
Realoser01: posts big blind €0.10
*** HOLE CARDS ***
Dealt to pipinoelbreve9 [Ac Td]
Lori057: raises €0.15 to €0.25
pipinoelbreve9: folds 
Andreachiva: calls €0.25
HomeLesS_DF: folds 
chesbas_one: raises €1 to €1.25
Realoser01: folds 
Lori057: folds 
Andreachiva: folds 
Uncalled bet (€1) returned to chesbas_one
chesbas_one collected €0.85 from pot
chesbas_one: doesn't show hand 
*** SUMMARY ***
Total pot €0.85 | Rake €0 
Seat 1: HomeLesS_DF (button) folded before Flop (didn't bet)
Seat 2: chesbas_one (small blind) collected (€0.85)
Seat 3: Realoser01 (big blind) folded before Flop
Seat 4: Lori057 folded before Flop
Seat 5: pipinoelbreve9 folded before Flop (didn't bet)
Seat 6: Andreachiva folded before Flop



PokerStars Zoom Hand #258486329727:  Hold'em No Limit (€0.05/€0.10) - 2025/11/12 17:59:57 CET [2025/11/12 11:59:57 ET]
Table 'Caph' 6-max Seat #1 is the button
Seat 1: Thejul7 (€5.75 in chips) 
Seat 2: pipinoelbreve9 (€14.31 in chips) 
Seat 3: MOIVP (€10 in chips) 
Seat 4: edraz11 (€10.45 in chips) 
Seat 5: SLLUISGIOSS (€8.35 in chips) 
Seat 6: ArmedToad (€19.25 in chips) 
pipinoelbreve9: posts small blind €0.05
MOIVP: posts big blind €0.10
*** HOLE CARDS ***
Dealt to pipinoelbreve9 [9h Js]
edraz11: folds 
SLLUISGIOSS: folds 
ArmedToad: raises €0.15 to €0.25
Thejul7: folds 
pipinoelbreve9: folds 
MOIVP: calls €0.15
*** FLOP *** [6d 9d Jc]
MOIVP: checks 
ArmedToad: bets €0.34
MOIVP: folds 
Uncalled bet (€0.34) returned to ArmedToad
ArmedToad collected €0.52 from pot
ArmedToad: doesn't show hand 
*** SUMMARY ***
Total pot €0.55 | Rake €0.03 
Board [6d 9d Jc]
Seat 1: Thejul7 (button) folded before Flop (didn't bet)
Seat 2: pipinoelbreve9 (small blind) folded before Flop
Seat 3: MOIVP (big blind) folded on the Flop
Seat 4: edraz11 folded before Flop (didn't bet)
Seat 5: SLLUISGIOSS folded before Flop (didn't bet)
Seat 6: ArmedToad collected (€0.52)



PokerStars Zoom Hand #258486332446:  Hold'em No Limit (€0.05/€0.10) - 2025/11/12 18:00:15 CET [2025/11/12 12:00:15 ET]
Table 'Caph' 6-max Seat #1 is the button
Seat 1: QUIQUE JONES (€8 in chips) 
Seat 2: SLLUISGIOSS (€8.63 in chips) 
Seat 3: basukun (€13.10 in chips) 
Seat 4: edraz11 (€10.10 in chips) 
Seat 5: Barikibynight (€8.56 in chips) 
Seat 6: pipinoelbreve9 (€14.16 in chips) 
SLLUISGIOSS: posts small blind €0.05
basukun: posts big blind €0.10
*** HOLE CARDS ***
Dealt to pipinoelbreve9 [Jh Ac]
edraz11: folds 
Barikibynight: calls €0.10
pipinoelbreve9: raises €0.40 to €0.50
QUIQUE JONES: folds 
SLLUISGIOSS: folds 
basukun: folds 
Barikibynight: folds 
Uncalled bet (€0.40) returned to pipinoelbreve9
pipinoelbreve9 collected €0.35 from pot
pipinoelbreve9: doesn't show hand 
*** SUMMARY ***
Total pot €0.35 | Rake €0 
Seat 1: QUIQUE JONES (button) folded before Flop (didn't bet)
Seat 2: SLLUISGIOSS (small blind) folded before Flop
Seat 3: basukun (big blind) folded before Flop
Seat 4: edraz11 folded before Flop (didn't bet)
Seat 5: Barikibynight folded before Flop
Seat 6: pipinoelbreve9 collected (€0.35)



PokerStars Zoom Hand #258486331734:  Hold'em No Limit (€0.05/€0.10) - 2025/11/12 18:00:10 CET [2025/11/12 12:00:10 ET]
Table 'Caph' 6-max Seat #1 is the button
Seat 1: pipinoelbreve9 (€14.16 in chips) 
Seat 2: n0rthw00d (€22.08 in chips) 
Seat 3: anar1312 (€8.80 in chips) 
Seat 4: durahimovic (€10.10 in chips) 
Seat 5: Juanprada44 (€22.88 in chips) 
Seat 6: edraz11 (€11.89 in chips) 
n0rthw00d: posts small blind €0.05
anar1312: posts big blind €0.10
*** HOLE CARDS ***
Dealt to pipinoelbreve9 [Kd 5s]
durahimovic: raises €0.20 to €0.30
Juanprada44: folds 
edraz11: folds 
pipinoelbreve9: folds 
n0rthw00d: folds 
anar1312: calls €0.20
*** FLOP *** [7h Jc 5c]
anar1312: checks 
durahimovic: bets €0.31
anar1312: calls €0.31
*** TURN *** [7h Jc 5c] [Qs]
anar1312: checks 
durahimovic: bets €0.91
anar1312: calls €0.91
*** RIVER *** [7h Jc 5c Qs] [As]
anar1312: checks 
durahimovic: bets €0.97
anar1312: folds 
Uncalled bet (€0.97) returned to durahimovic
durahimovic collected €2.94 from pot
durahimovic: doesn't show hand 
*** SUMMARY ***
Total pot €3.09 | Rake €0.15 
Board [7h Jc 5c Qs As]
Seat 1: pipinoelbreve9 (button) folded before Flop (didn't bet)
Seat 2: n0rthw00d (small blind) folded before Flop
Seat 3: anar1312 (big blind) folded on the River
Seat 4: durahimovic collected (€2.94)
Seat 5: Juanprada44 folded before Flop (didn't bet)
Seat 6: edraz11 folded before Flop (didn't bet)



PokerStars Zoom Hand #258486334731:  Hold'em No Limit (€0.05/€0.10) - 2025/11/12 18:00:31 CET [2025/11/12 12:00:31 ET]
Table 'Caph' 6-max Seat #1 is the button
Seat 1: carco82 (€22.53 in chips) 
Seat 2: ArmedToad (€19.52 in chips) 
Seat 3: 00789 (€13.51 in chips) 
Seat 4: pipinoelbreve9 (€14.41 in chips) 
Seat 5: juankimar (€12.04 in chips) 
Seat 6: edraz11 (€25.30 in chips) 
ArmedToad: posts small blind €0.05
00789: posts big blind €0.10
*** HOLE CARDS ***
Dealt to pipinoelbreve9 [Kc 2d]
pipinoelbreve9: folds 
juankimar: raises €0.15 to €0.25
edraz11: folds 
carco82: folds 
ArmedToad: folds 
00789: folds 
Uncalled bet (€0.15) returned to juankimar
juankimar collected €0.25 from pot
juankimar: doesn't show hand 
*** SUMMARY ***
Total pot €0.25 | Rake €0 
Seat 1: carco82 (button) folded before Flop (didn't bet)
Seat 2: ArmedToad (small blind) folded before Flop
Seat 3: 00789 (big blind) folded before Flop
Seat 4: pipinoelbreve9 folded before Flop (didn't bet)
Seat 5: juankimar collected (€0.25)
Seat 6: edraz11 folded before Flop (didn't bet)



PokerStars Zoom Hand #258486335942:  Hold'em No Limit (€0.05/€0.10) - 2025/11/12 18:00:39 CET [2025/11/12 12:00:39 ET]
Table 'Caph' 6-max Seat #1 is the button
Seat 1: xhuummm (€19.16 in chips) 
Seat 2: pipinoelbreve9 (€14.41 in chips) 
Seat 3: Split2902 (€15.35 in chips) 
Seat 4: Realoser01 (€3.92 in chips) 
Seat 5: basukun (€10 in chips) 
Seat 6: capitãocc (€7.34 in chips) 
pipinoelbreve9: posts small blind €0.05
Split2902: posts big blind €0.10
*** HOLE CARDS ***
Dealt to pipinoelbreve9 [Ts Jc]
Realoser01: folds 
basukun: folds 
capitãocc: folds 
xhuummm: raises €0.40 to €0.50
pipinoelbreve9: folds 
Split2902: folds 
Uncalled bet (€0.40) returned to xhuummm
xhuummm collected €0.25 from pot
xhuummm: doesn't show hand 
*** SUMMARY ***
Total pot €0.25 | Rake €0 
Seat 1: xhuummm (button) collected (€0.25)
Seat 2: pipinoelbreve9 (small blind) folded before Flop
Seat 3: Split2902 (big blind) folded before Flop
Seat 4: Realoser01 folded before Flop (didn't bet)
Seat 5: basukun folded before Flop (didn't bet)
Seat 6: capitãocc folded before Flop (didn't bet)



PokerStars Zoom Hand #258486335334:  Hold'em No Limit (€0.05/€0.10) - 2025/11/12 18:00:35 CET [2025/11/12 12:00:35 ET]
Table 'Caph' 6-max Seat #1 is the button
Seat 1: edraz11 (€10.35 in chips) 
Seat 2: 00789 (€11.60 in chips) 
Seat 3: toxinho35 (€4.71 in chips) 
Seat 4: traelo (€10.10 in chips) 
Seat 5: pipinoelbreve9 (€14.41 in chips) 
Seat 6: wilielninio (€10.06 in chips) 
00789: posts small blind €0.05
toxinho35: posts big blind €0.10
*** HOLE CARDS ***
Dealt to pipinoelbreve9 [5d 8s]
traelo: folds 
pipinoelbreve9: folds 
wilielninio: raises €0.15 to €0.25
edraz11: calls €0.25
00789: folds 
toxinho35: folds 
*** FLOP *** [7c 6c 9s]
wilielninio: checks 
edraz11: checks 
*** TURN *** [7c 6c 9s] [Jh]
wilielninio: bets €0.37
edraz11: calls €0.37
*** RIVER *** [7c 6c 9s Jh] [5s]
wilielninio: checks 
edraz11: bets €0.66
wilielninio: folds 
Uncalled bet (€0.66) returned to edraz11
edraz11 collected €1.32 from pot
edraz11: doesn't show hand 
*** SUMMARY ***
Total pot €1.39 | Rake €0.07 
Board [7c 6c 9s Jh 5s]
Seat 1: edraz11 (button) collected (€1.32)
Seat 2: 00789 (small blind) folded before Flop
Seat 3: toxinho35 (big blind) folded before Flop
Seat 4: traelo folded before Flop (didn't bet)
Seat 5: pipinoelbreve9 folded before Flop (didn't bet)
Seat 6: wilielninio folded on the River



PokerStars Zoom Hand #258486340667:  Hold'em No Limit (€0.05/€0.10) - 2025/11/12 18:01:09 CET [2025/11/12 12:01:09 ET]
Table 'Caph' 6-max Seat #1 is the button
Seat 1: pipinoelbreve9 (€14.26 in chips) 
Seat 2: amsterdam141 (€3.62 in chips) 
Seat 3: nunocascops (€11.15 in chips) 
Seat 4: imnataa (€23.70 in chips) 
Seat 5: toxinho35 (€4.56 in chips) 
Seat 6: Split2902 (€18.25 in chips) 
amsterdam141: posts small blind €0.05
nunocascops: posts big blind €0.10
*** HOLE CARDS ***
Dealt to pipinoelbreve9 [Kc 3c]
imnataa: folds 
toxinho35: folds 
Split2902: folds 
pipinoelbreve9: raises €0.15 to €0.25
amsterdam141: raises €0.60 to €0.85
nunocascops: folds 
pipinoelbreve9: calls €0.60
*** FLOP *** [9s 3h Ts]
amsterdam141: bets €2
pipinoelbreve9: folds 
Uncalled bet (€2) returned to amsterdam141
amsterdam141 collected €1.71 from pot
amsterdam141: doesn't show hand 
*** SUMMARY ***
Total pot €1.80 | Rake €0.09 
Board [9s 3h Ts]
Seat 1: pipinoelbreve9 (button) folded on the Flop
Seat 2: amsterdam141 (small blind) collected (€1.71)
Seat 3: nunocascops (big blind) folded before Flop
Seat 4: imnataa folded before Flop (didn't bet)
Seat 5: toxinho35 folded before Flop (didn't bet)
Seat 6: Split2902 folded before Flop (didn't bet)



PokerStars Zoom Hand #258486345964:  Hold'em No Limit (€0.05/€0.10) - 2025/11/12 18:01:40 CET [2025/11/12 12:01:40 ET]
Table 'Caph' 6-max Seat #1 is the button
Seat 1: bacanhim75 (€13.44 in chips) 
Seat 2: Juanprada44 (€10 in chips) 
Seat 3: SLLUISGIOSS (€8.01 in chips) 
Seat 4: pipinoelbreve9 (€13.41 in chips) 
Seat 5: imnataa (€23.55 in chips) 
Seat 6: eric 29880 (€13.73 in chips) 
Juanprada44: posts small blind €0.05
SLLUISGIOSS: posts big blind €0.10
*** HOLE CARDS ***
Dealt to pipinoelbreve9 [6h Js]
pipinoelbreve9: folds 
imnataa: folds 
eric 29880: folds 
bacanhim75: folds 
Juanprada44: folds 
Uncalled bet (€0.05) returned to SLLUISGIOSS
SLLUISGIOSS collected €0.10 from pot
SLLUISGIOSS: doesn't show hand 
*** SUMMARY ***
Total pot €0.10 | Rake €0 
Seat 1: bacanhim75 (button) folded before Flop (didn't bet)
Seat 2: Juanprada44 (small blind) folded before Flop
Seat 3: SLLUISGIOSS (big blind) collected (€0.10)
Seat 4: pipinoelbreve9 folded before Flop (didn't bet)
Seat 5: imnataa folded before Flop (didn't bet)
Seat 6: eric 29880 folded before Flop (didn't bet)



PokerStars Zoom Hand #258486345241:  Hold'em No Limit (€0.05/€0.10) - 2025/11/12 18:01:36 CET [2025/11/12 12:01:36 ET]
Table 'Caph' 6-max Seat #1 is the button
Seat 1: Split2902 (€10.30 in chips) 
Seat 2: olijmandrea (€13.33 in chips) 
Seat 3: n0rthw00d (€22.80 in chips) 
Seat 4: chesbas_one (€18.33 in chips) 
Seat 5: pipinoelbreve9 (€13.41 in chips) 
Seat 6: bacanhim75 (€13.44 in chips) 
olijmandrea: posts small blind €0.05
n0rthw00d: posts big blind €0.10
*** HOLE CARDS ***
Dealt to pipinoelbreve9 [Ts 8h]
chesbas_one: raises €0.12 to €0.22
pipinoelbreve9: folds 
bacanhim75: folds 
Split2902: folds 
olijmandrea: folds 
n0rthw00d: folds 
Uncalled bet (€0.12) returned to chesbas_one
chesbas_one collected €0.25 from pot
chesbas_one: doesn't show hand 
*** SUMMARY ***
Total pot €0.25 | Rake €0 
Seat 1: Split2902 (button) folded before Flop (didn't bet)
Seat 2: olijmandrea (small blind) folded before Flop
Seat 3: n0rthw00d (big blind) folded before Flop
Seat 4: chesbas_one collected (€0.25)
Seat 5: pipinoelbreve9 folded before Flop (didn't bet)
Seat 6: bacanhim75 folded before Flop (didn't bet)



PokerStars Zoom Hand #258486338971:  Hold'em No Limit (€0.05/€0.10) - 2025/11/12 18:00:58 CET [2025/11/12 12:00:58 ET]
Table 'Caph' 6-max Seat #1 is the button
Seat 1: HPforever65 (€9.90 in chips) 
Seat 2: luyi-3112 (€21.95 in chips) 
Seat 3: pipinoelbreve9 (€14.36 in chips) 
Seat 4: EduOjeda55 (€10.09 in chips) 
Seat 5: edraz11 (€10 in chips) 
Seat 6: Barikibynight (€8.06 in chips) 
luyi-3112: posts small blind €0.05
pipinoelbreve9: posts big blind €0.10
*** HOLE CARDS ***
Dealt to pipinoelbreve9 [5h 4s]
EduOjeda55: folds 
edraz11: folds 
Barikibynight: raises €0.10 to €0.20
HPforever65: calls €0.20
luyi-3112: folds 
pipinoelbreve9: folds 
*** FLOP *** [9c 2s Ks]
Barikibynight: checks 
HPforever65: checks 
*** TURN *** [9c 2s Ks] [Kh]
Barikibynight: checks 
HPforever65: checks 
*** RIVER *** [9c 2s Ks Kh] [Qh]
Barikibynight: checks 
HPforever65: checks 
*** SHOW DOWN ***
Barikibynight: shows [As 5c] (a pair of Kings)
HPforever65: shows [Ac Ts] (a pair of Kings - Ace+Queen+Ten kicker)
HPforever65 collected €0.52 from pot
*** SUMMARY ***
Total pot €0.55 | Rake €0.03 
Board [9c 2s Ks Kh Qh]
Seat 1: HPforever65 (button) showed [Ac Ts] and won (€0.52) with a pair of Kings
Seat 2: luyi-3112 (small blind) folded before Flop
Seat 3: pipinoelbreve9 (big blind) folded before Flop
Seat 4: EduOjeda55 folded before Flop (didn't bet)
Seat 5: edraz11 folded before Flop (didn't bet)
Seat 6: Barikibynight showed [As 5c] and lost with a pair of Kings



PokerStars Zoom Hand #258486346516:  Hold'em No Limit (€0.05/€0.10) - 2025/11/12 18:01:43 CET [2025/11/12 12:01:43 ET]
Table 'Caph' 6-max Seat #1 is the button
Seat 1: winsousall (€17.95 in chips) 
Seat 2: Tryap (€11.01 in chips) 
Seat 3: Juanprada44 (€10 in chips) 
Seat 4: toxinho35 (€4.41 in chips) 
Seat 5: EduOjeda55 (€10.41 in chips) 
Seat 6: pipinoelbreve9 (€13.41 in chips) 
Tryap: posts small blind €0.05
Juanprada44: posts big blind €0.10
*** HOLE CARDS ***
Dealt to pipinoelbreve9 [9d Jh]
toxinho35: folds 
EduOjeda55: folds 
pipinoelbreve9: folds 
winsousall: folds 
Tryap: calls €0.05
Juanprada44: raises €0.30 to €0.40
Tryap: calls €0.30
*** FLOP *** [Qd 5s Ac]
Tryap: checks 
Juanprada44: bets €0.25
Tryap: calls €0.25
*** TURN *** [Qd 5s Ac] [2d]
Tryap: checks 
Juanprada44: checks 
*** RIVER *** [Qd 5s Ac 2d] [Kh]
Tryap: bets €1.24
Juanprada44: calls €1.24
*** SHOW DOWN ***
Tryap: shows [5c 6c] (a pair of Fives)
Juanprada44: shows [As 9c] (a pair of Aces)
Juanprada44 collected €3.59 from pot
*** SUMMARY ***
Total pot €3.78 | Rake €0.19 
Board [Qd 5s Ac 2d Kh]
Seat 1: winsousall (button) folded before Flop (didn't bet)
Seat 2: Tryap (small blind) showed [5c 6c] and lost with a pair of Fives
Seat 3: Juanprada44 (big blind) showed [As 9c] and won (€3.59) with a pair of Aces
Seat 4: toxinho35 folded before Flop (didn't bet)
Seat 5: EduOjeda55 folded before Flop (didn't bet)
Seat 6: pipinoelbreve9 folded before Flop (didn't bet)



PokerStars Zoom Hand #258486347606:  Hold'em No Limit (€0.05/€0.10) - 2025/11/12 18:01:49 CET [2025/11/12 12:01:49 ET]
Table 'Caph' 6-max Seat #1 is the button
Seat 1: imnataa (€23.50 in chips) 
Seat 2: piolina00 (€10.30 in chips) 
Seat 3: juankimar (€10.54 in chips) 
Seat 4: pipinoelbreve9 (€13.41 in chips) 
Seat 5: Andreachiva (€16.51 in chips) 
Seat 6: basukun (€13.52 in chips) 
piolina00: posts small blind €0.05
juankimar: posts big blind €0.10
*** HOLE CARDS ***
Dealt to pipinoelbreve9 [Ah Js]
pipinoelbreve9: raises €0.15 to €0.25
Andreachiva: folds 
basukun: folds 
imnataa: folds 
piolina00: calls €0.20
juankimar: folds 
*** FLOP *** [Ts 3s 4s]
piolina00: bets €0.40
pipinoelbreve9: calls €0.40
*** TURN *** [Ts 3s 4s] [9d]
piolina00: bets €0.67
pipinoelbreve9: calls €0.67
*** RIVER *** [Ts 3s 4s 9d] [8c]
piolina00: checks 
pipinoelbreve9: bets €1.72
piolina00: folds 
Uncalled bet (€1.72) returned to pipinoelbreve9
pipinoelbreve9 collected €2.60 from pot
pipinoelbreve9: doesn't show hand 
*** SUMMARY ***
Total pot €2.74 | Rake €0.14 
Board [Ts 3s 4s 9d 8c]
Seat 1: imnataa (button) folded before Flop (didn't bet)
Seat 2: piolina00 (small blind) folded on the River
Seat 3: juankimar (big blind) folded before Flop
Seat 4: pipinoelbreve9 collected (€2.60)
Seat 5: Andreachiva folded before Flop (didn't bet)
Seat 6: basukun folded before Flop (didn't bet)



PokerStars Zoom Hand #258486337570:  Hold'em No Limit (€0.05/€0.10) - 2025/11/12 18:00:50 CET [2025/11/12 12:00:50 ET]
Table 'Caph' 6-max Seat #1 is the button
Seat 1: capitãocc (€9.90 in chips) 
Seat 2: nunocascops (€10.20 in chips) 
Seat 3: LETAN77 (€10.44 in chips) 
Seat 4: MOIVP (€11.05 in chips) 
Seat 5: SLLUISGIOSS (€8.16 in chips) 
Seat 6: pipinoelbreve9 (€14.36 in chips) 
nunocascops: posts small blind €0.05
LETAN77: posts big blind €0.10
*** HOLE CARDS ***
Dealt to pipinoelbreve9 [9s Kc]
MOIVP: raises €0.20 to €0.30
SLLUISGIOSS: folds 
pipinoelbreve9: folds 
capitãocc: folds 
nunocascops: folds 
LETAN77: calls €0.20
*** FLOP *** [8s 3s Js]
LETAN77: checks 
MOIVP: bets €0.20
LETAN77: calls €0.20
*** TURN *** [8s 3s Js] [8h]
LETAN77: checks 
MOIVP: bets €0.50
LETAN77: calls €0.50
*** RIVER *** [8s 3s Js 8h] [7h]
LETAN77: checks 
MOIVP: bets €0.50
LETAN77: raises €2.50 to €3
MOIVP: folds 
Uncalled bet (€2.50) returned to LETAN77
LETAN77 collected €2.90 from pot
LETAN77: doesn't show hand 
*** SUMMARY ***
Total pot €3.05 | Rake €0.15 
Board [8s 3s Js 8h 7h]
Seat 1: capitãocc (button) folded before Flop (didn't bet)
Seat 2: nunocascops (small blind) folded before Flop
Seat 3: LETAN77 (big blind) collected (€2.90)
Seat 4: MOIVP folded on the River
Seat 5: SLLUISGIOSS folded before Flop (didn't bet)
Seat 6: pipinoelbreve9 folded before Flop (didn't bet)



PokerStars Zoom Hand #258486359926:  Hold'em No Limit (€0.05/€0.10) - 2025/11/12 18:02:57 CET [2025/11/12 12:02:57 ET]
Table 'Caph' 6-max Seat #1 is the button
Seat 1: jony_manitas (€11.83 in chips) 
Seat 2: SLLUISGIOSS (€8.30 in chips) 
Seat 3: pipinoelbreve9 (€14.69 in chips) 
Seat 4: ArmedToad (€19.59 in chips) 
Seat 5: NAlexandru22 (€8.47 in chips) 
Seat 6: iker finito (€5.70 in chips) 
SLLUISGIOSS: posts small blind €0.05
pipinoelbreve9: posts big blind €0.10
*** HOLE CARDS ***
Dealt to pipinoelbreve9 [Qd 3s]
ArmedToad: folds 
NAlexandru22: folds 
iker finito: raises €0.10 to €0.20
jony_manitas: folds 
SLLUISGIOSS: folds 
pipinoelbreve9: folds 
Uncalled bet (€0.10) returned to iker finito
iker finito collected €0.25 from pot
iker finito: doesn't show hand 
*** SUMMARY ***
Total pot €0.25 | Rake €0 
Seat 1: jony_manitas (button) folded before Flop (didn't bet)
Seat 2: SLLUISGIOSS (small blind) folded before Flop
Seat 3: pipinoelbreve9 (big blind) folded before Flop
Seat 4: ArmedToad folded before Flop (didn't bet)
Seat 5: NAlexandru22 folded before Flop (didn't bet)
Seat 6: iker finito collected (€0.25)



PokerStars Zoom Hand #258486361146:  Hold'em No Limit (€0.05/€0.10) - 2025/11/12 18:03:04 CET [2025/11/12 12:03:04 ET]
Table 'Caph' 6-max Seat #1 is the button
Seat 1: wilielninio (€10.04 in chips) 
Seat 2: pipinoelbreve9 (€14.59 in chips) 
Seat 3: durahimovic (€11.82 in chips) 
Seat 4: olijmandrea (€7.68 in chips) 
Seat 5: Juanprada44 (€11.70 in chips) 
Seat 6: toxinho35 (€20.37 in chips) 
pipinoelbreve9: posts small blind €0.05
durahimovic: posts big blind €0.10
*** HOLE CARDS ***
Dealt to pipinoelbreve9 [Ad Ts]
olijmandrea: folds 
Juanprada44: folds 
toxinho35: calls €0.10
wilielninio: folds 
pipinoelbreve9: raises €0.40 to €0.50
durahimovic: folds 
toxinho35: calls €0.40
*** FLOP *** [7s Qh 2s]
pipinoelbreve9: bets €0.30
toxinho35: folds 
Uncalled bet (€0.30) returned to pipinoelbreve9
pipinoelbreve9 collected €1.04 from pot
pipinoelbreve9: doesn't show hand 
*** SUMMARY ***
Total pot €1.10 | Rake €0.06 
Board [7s Qh 2s]
Seat 1: wilielninio (button) folded before Flop (didn't bet)
Seat 2: pipinoelbreve9 (small blind) collected (€1.04)
Seat 3: durahimovic (big blind) folded before Flop
Seat 4: olijmandrea folded before Flop (didn't bet)
Seat 5: Juanprada44 folded before Flop (didn't bet)
Seat 6: toxinho35 folded on the Flop



PokerStars Zoom Hand #258486365195:  Hold'em No Limit (€0.05/€0.10) - 2025/11/12 18:03:26 CET [2025/11/12 12:03:26 ET]
Table 'Caph' 6-max Seat #1 is the button
Seat 1: pipinoelbreve9 (€15.13 in chips) 
Seat 2: anar1312 (€9.90 in chips) 
Seat 3: eric 29880 (€9.18 in chips) 
Seat 4: Split2902 (€12.78 in chips) 
Seat 5: lodo70 (€7.31 in chips) 
Seat 6: wilielninio (€10 in chips) 
anar1312: posts small blind €0.05
eric 29880: posts big blind €0.10
*** HOLE CARDS ***
Dealt to pipinoelbreve9 [6d 7s]
Split2902: folds 
lodo70: folds 
wilielninio: folds 
pipinoelbreve9: folds 
anar1312: raises €0.20 to €0.30
eric 29880: folds 
Uncalled bet (€0.20) returned to anar1312
anar1312 collected €0.20 from pot
anar1312: doesn't show hand 
*** SUMMARY ***
Total pot €0.20 | Rake €0 
Seat 1: pipinoelbreve9 (button) folded before Flop (didn't bet)
Seat 2: anar1312 (small blind) collected (€0.20)
Seat 3: eric 29880 (big blind) folded before Flop
Seat 4: Split2902 folded before Flop (didn't bet)
Seat 5: lodo70 folded before Flop (didn't bet)
Seat 6: wilielninio folded before Flop (didn't bet)



PokerStars Zoom Hand #258486365733:  Hold'em No Limit (€0.05/€0.10) - 2025/11/12 18:03:29 CET [2025/11/12 12:03:29 ET]
Table 'Caph' 6-max Seat #1 is the button
Seat 1: n0rthw00d (€23.71 in chips) 
Seat 2: edraz11 (€22.65 in chips) 
Seat 3: toxinho35 (€19.87 in chips) 
Seat 4: olijmandrea (€7.78 in chips) 
Seat 5: pipinoelbreve9 (€15.13 in chips) 
Seat 6: MrBeleko (€9.85 in chips) 
edraz11: posts small blind €0.05
toxinho35: posts big blind €0.10
*** HOLE CARDS ***
Dealt to pipinoelbreve9 [7s 8h]
olijmandrea: raises €0.10 to €0.20
pipinoelbreve9: folds 
MrBeleko: folds 
n0rthw00d: folds 
edraz11: folds 
toxinho35: folds 
Uncalled bet (€0.10) returned to olijmandrea
olijmandrea collected €0.25 from pot
olijmandrea: doesn't show hand 
*** SUMMARY ***
Total pot €0.25 | Rake €0 
Seat 1: n0rthw00d (button) folded before Flop (didn't bet)
Seat 2: edraz11 (small blind) folded before Flop
Seat 3: toxinho35 (big blind) folded before Flop
Seat 4: olijmandrea collected (€0.25)
Seat 5: pipinoelbreve9 folded before Flop (didn't bet)
Seat 6: MrBeleko folded before Flop (didn't bet)



PokerStars Zoom Hand #258486367726:  Hold'em No Limit (€0.05/€0.10) - 2025/11/12 18:03:40 CET [2025/11/12 12:03:40 ET]
Table 'Caph' 6-max Seat #1 is the button
Seat 1: Andreachiva (€17.41 in chips) 
Seat 2: pipinoelbreve9 (€15.13 in chips) 
Seat 3: capitan5130 (€5 in chips) 
Seat 4: iker finito (€2.77 in chips) 
Seat 5: Tryap (€9.02 in chips) 
Seat 6: Split2902 (€12.78 in chips) 
pipinoelbreve9: posts small blind €0.05
capitan5130: posts big blind €0.10
*** HOLE CARDS ***
Dealt to pipinoelbreve9 [9d 8h]
iker finito: folds 
Tryap: folds 
Split2902: folds 
Andreachiva: folds 
pipinoelbreve9: folds 
Uncalled bet (€0.05) returned to capitan5130
capitan5130 collected €0.10 from pot
capitan5130: doesn't show hand 
*** SUMMARY ***
Total pot €0.10 | Rake €0 
Seat 1: Andreachiva (button) folded before Flop (didn't bet)
Seat 2: pipinoelbreve9 (small blind) folded before Flop
Seat 3: capitan5130 (big blind) collected (€0.10)
Seat 4: iker finito folded before Flop (didn't bet)
Seat 5: Tryap folded before Flop (didn't bet)
Seat 6: Split2902 folded before Flop (didn't bet)



PokerStars Zoom Hand #258486366565:  Hold'em No Limit (€0.05/€0.10) - 2025/11/12 18:03:34 CET [2025/11/12 12:03:34 ET]
Table 'Caph' 6-max Seat #1 is the button
Seat 1: jony_manitas (€11.73 in chips) 
Seat 2: MOIVP (€10 in chips) 
Seat 3: Juanprada44 (€22.77 in chips) 
Seat 4: Split2902 (€16.85 in chips) 
Seat 5: imnataa (€23.41 in chips) 
Seat 6: pipinoelbreve9 (€15.13 in chips) 
MOIVP: posts small blind €0.05
Juanprada44: posts big blind €0.10
*** HOLE CARDS ***
Dealt to pipinoelbreve9 [7d Th]
Split2902: folds 
imnataa: folds 
pipinoelbreve9: folds 
jony_manitas: raises €0.15 to €0.25
MOIVP: folds 
Juanprada44: calls €0.15
*** FLOP *** [4s 3s 6s]
Juanprada44: checks 
jony_manitas: checks 
*** TURN *** [4s 3s 6s] [5s]
Juanprada44: checks 
jony_manitas: checks 
*** RIVER *** [4s 3s 6s 5s] [7c]
Juanprada44: bets €0.60
jony_manitas: folds 
Uncalled bet (€0.60) returned to Juanprada44
Juanprada44 collected €0.52 from pot
Juanprada44: doesn't show hand 
*** SUMMARY ***
Total pot €0.55 | Rake €0.03 
Board [4s 3s 6s 5s 7c]
Seat 1: jony_manitas (button) folded on the River
Seat 2: MOIVP (small blind) folded before Flop
Seat 3: Juanprada44 (big blind) collected (€0.52)
Seat 4: Split2902 folded before Flop (didn't bet)
Seat 5: imnataa folded before Flop (didn't bet)
Seat 6: pipinoelbreve9 folded before Flop (didn't bet)



PokerStars Zoom Hand #258486369947:  Hold'em No Limit (€0.05/€0.10) - 2025/11/12 18:03:52 CET [2025/11/12 12:03:52 ET]
Table 'Caph' 6-max Seat #1 is the button
Seat 1: juankimar (€11.69 in chips) 
Seat 2: chaichop (€9.65 in chips) 
Seat 3: pipinoelbreve9 (€15.08 in chips) 
Seat 4: nunocascops (€11.78 in chips) 
Seat 5: edraz11 (€10 in chips) 
Seat 6: Rickybcn (€9.36 in chips) 
chaichop: posts small blind €0.05
pipinoelbreve9: posts big blind €0.10
*** HOLE CARDS ***
Dealt to pipinoelbreve9 [Qd 9d]
nunocascops: folds 
edraz11: folds 
Rickybcn: raises €0.17 to €0.27
juankimar: folds 
chaichop: folds 
pipinoelbreve9: calls €0.17
*** FLOP *** [7d 4h 5s]
pipinoelbreve9: checks 
Rickybcn: bets €0.28
pipinoelbreve9: calls €0.28
*** TURN *** [7d 4h 5s] [Js]
pipinoelbreve9: checks 
Rickybcn: checks 
*** RIVER *** [7d 4h 5s Js] [9c]
pipinoelbreve9: bets €0.55
Rickybcn: calls €0.55
*** SHOW DOWN ***
pipinoelbreve9: shows [Qd 9d] (a pair of Nines)
Rickybcn: mucks hand 
pipinoelbreve9 collected €2.14 from pot
*** SUMMARY ***
Total pot €2.25 | Rake €0.11 
Board [7d 4h 5s Js 9c]
Seat 1: juankimar (button) folded before Flop (didn't bet)
Seat 2: chaichop (small blind) folded before Flop
Seat 3: pipinoelbreve9 (big blind) showed [Qd 9d] and won (€2.14) with a pair of Nines
Seat 4: nunocascops folded before Flop (didn't bet)
Seat 5: edraz11 folded before Flop (didn't bet)
Seat 6: Rickybcn mucked [6s 6d]



PokerStars Zoom Hand #258486378892:  Hold'em No Limit (€0.05/€0.10) - 2025/11/12 18:04:41 CET [2025/11/12 12:04:41 ET]
Table 'Caph' 6-max Seat #1 is the button
Seat 1: juankimar (€24.30 in chips) 
Seat 2: dtdavid05 (€17.34 in chips) 
Seat 3: n0rthw00d (€10.10 in chips) 
Seat 4: basukun (€15.46 in chips) 
Seat 5: pipinoelbreve9 (€16.12 in chips) 
Seat 6: olijmandrea (€14 in chips) 
dtdavid05: posts small blind €0.05
n0rthw00d: posts big blind €0.10
*** HOLE CARDS ***
Dealt to pipinoelbreve9 [7s 6d]
basukun: folds 
pipinoelbreve9: folds 
olijmandrea: folds 
juankimar: folds 
dtdavid05: folds 
Uncalled bet (€0.05) returned to n0rthw00d
n0rthw00d collected €0.10 from pot
n0rthw00d: doesn't show hand 
*** SUMMARY ***
Total pot €0.10 | Rake €0 
Seat 1: juankimar (button) folded before Flop (didn't bet)
Seat 2: dtdavid05 (small blind) folded before Flop
Seat 3: n0rthw00d (big blind) collected (€0.10)
Seat 4: basukun folded before Flop (didn't bet)
Seat 5: pipinoelbreve9 folded before Flop (didn't bet)
Seat 6: olijmandrea folded before Flop (didn't bet)



PokerStars Zoom Hand #258486383604:  Hold'em No Limit (€0.05/€0.10) - 2025/11/12 18:05:07 CET [2025/11/12 12:05:07 ET]
Table 'Caph' 6-max Seat #1 is the button
Seat 1: Barikibynight (€6.80 in chips) 
Seat 2: Split2902 (€27.19 in chips) 
Seat 3: urkel77 (€16.34 in chips) 
Seat 4: nunocascops (€12.68 in chips) 
Seat 5: pipinoelbreve9 (€16.12 in chips) 
Seat 6: MOIVP (€10.10 in chips) 
Split2902: posts small blind €0.05
urkel77: posts big blind €0.10
*** HOLE CARDS ***
Dealt to pipinoelbreve9 [Qc Qd]
nunocascops: folds 
pipinoelbreve9: raises €0.15 to €0.25
MOIVP: folds 
Barikibynight: folds 
Split2902: folds 
urkel77: folds 
Uncalled bet (€0.15) returned to pipinoelbreve9
pipinoelbreve9 collected €0.25 from pot
pipinoelbreve9: doesn't show hand 
*** SUMMARY ***
Total pot €0.25 | Rake €0 
Seat 1: Barikibynight (button) folded before Flop (didn't bet)
Seat 2: Split2902 (small blind) folded before Flop
Seat 3: urkel77 (big blind) folded before Flop
Seat 4: nunocascops folded before Flop (didn't bet)
Seat 5: pipinoelbreve9 collected (€0.25)
Seat 6: MOIVP folded before Flop (didn't bet)



PokerStars Zoom Hand #258486386197:  Hold'em No Limit (€0.05/€0.10) - 2025/11/12 18:05:21 CET [2025/11/12 12:05:21 ET]
Table 'Caph' 6-max Seat #1 is the button
Seat 1: edraz11 (€23.12 in chips) 
Seat 2: nunoaga (€15.91 in chips) 
Seat 3: eldurodeduros (€13.86 in chips) 
Seat 4: pipinoelbreve9 (€16.27 in chips) 
Seat 5: piolina00 (€0.46 in chips) 
Seat 6: nunocascops (€12.58 in chips) 
nunoaga: posts small blind €0.05
eldurodeduros: posts big blind €0.10
*** HOLE CARDS ***
Dealt to pipinoelbreve9 [2h 3d]
pipinoelbreve9: folds 
piolina00: folds 
nunocascops: folds 
edraz11: folds 
nunoaga: folds 
Uncalled bet (€0.05) returned to eldurodeduros
eldurodeduros collected €0.10 from pot
eldurodeduros: doesn't show hand 
*** SUMMARY ***
Total pot €0.10 | Rake €0 
Seat 1: edraz11 (button) folded before Flop (didn't bet)
Seat 2: nunoaga (small blind) folded before Flop
Seat 3: eldurodeduros (big blind) collected (€0.10)
Seat 4: pipinoelbreve9 folded before Flop (didn't bet)
Seat 5: piolina00 folded before Flop (didn't bet)
Seat 6: nunocascops folded before Flop (didn't bet)



PokerStars Zoom Hand #258486382867:  Hold'em No Limit (€0.05/€0.10) - 2025/11/12 18:05:03 CET [2025/11/12 12:05:03 ET]
Table 'Caph' 6-max Seat #1 is the button
Seat 1: Juanprada44 (€22.64 in chips) 
Seat 2: eric 29880 (€11.92 in chips) 
Seat 3: chapico (€4.92 in chips) 
Seat 4: pipinoelbreve9 (€16.12 in chips) 
Seat 5: karkuri13 (€4.14 in chips) 
Seat 6: piolina00 (€0.41 in chips) 
eric 29880: posts small blind €0.05
chapico: posts big blind €0.10
*** HOLE CARDS ***
Dealt to pipinoelbreve9 [7c Kc]
pipinoelbreve9: folds 
karkuri13: folds 
piolina00: folds 
Juanprada44: raises €0.15 to €0.25
eric 29880: folds 
chapico: calls €0.15
*** FLOP *** [8h 6c 3s]
chapico: checks 
Juanprada44: bets €0.17
chapico: calls €0.17
*** TURN *** [8h 6c 3s] [8c]
chapico: checks 
Juanprada44: bets €0.85
chapico: folds 
Uncalled bet (€0.85) returned to Juanprada44
Juanprada44 collected €0.85 from pot
Juanprada44: doesn't show hand 
*** SUMMARY ***
Total pot €0.89 | Rake €0.04 
Board [8h 6c 3s 8c]
Seat 1: Juanprada44 (button) collected (€0.85)
Seat 2: eric 29880 (small blind) folded before Flop
Seat 3: chapico (big blind) folded on the Turn
Seat 4: pipinoelbreve9 folded before Flop (didn't bet)
Seat 5: karkuri13 folded before Flop (didn't bet)
Seat 6: piolina00 folded before Flop (didn't bet)



PokerStars Zoom Hand #258486379594:  Hold'em No Limit (€0.05/€0.10) - 2025/11/12 18:04:45 CET [2025/11/12 12:04:45 ET]
Table 'Caph' 6-max Seat #1 is the button
Seat 1: pipinoelbreve9 (€16.12 in chips) 
Seat 2: olijmandrea (€14 in chips) 
Seat 3: amsterdam141 (€9.09 in chips) 
Seat 4: luyi-3112 (€10 in chips) 
Seat 5: wilielninio (€10 in chips) 
Seat 6: juankimar (€24.30 in chips) 
olijmandrea: posts small blind €0.05
amsterdam141: posts big blind €0.10
*** HOLE CARDS ***
Dealt to pipinoelbreve9 [Jh Ts]
luyi-3112: raises €0.15 to €0.25
wilielninio: folds 
juankimar: calls €0.25
pipinoelbreve9: folds 
olijmandrea: folds 
amsterdam141: raises €0.80 to €1.05
luyi-3112: calls €0.80
juankimar: calls €0.80
*** FLOP *** [Qc Ac 2h]
amsterdam141: bets €1.52
luyi-3112: folds 
juankimar: folds 
Uncalled bet (€1.52) returned to amsterdam141
amsterdam141 collected €3.04 from pot
amsterdam141: doesn't show hand 
*** SUMMARY ***
Total pot €3.20 | Rake €0.16 
Board [Qc Ac 2h]
Seat 1: pipinoelbreve9 (button) folded before Flop (didn't bet)
Seat 2: olijmandrea (small blind) folded before Flop
Seat 3: amsterdam141 (big blind) collected (€3.04)
Seat 4: luyi-3112 folded on the Flop
Seat 5: wilielninio folded before Flop (didn't bet)
Seat 6: juankimar folded on the Flop



PokerStars Zoom Hand #258486389567:  Hold'em No Limit (€0.05/€0.10) - 2025/11/12 18:05:39 CET [2025/11/12 12:05:39 ET]
Table 'Caph' 6-max Seat #1 is the button
Seat 1: juankimar (€10.05 in chips) 
Seat 2: pipinoelbreve9 (€16.17 in chips) 
Seat 3: Frekos8975 (€11.83 in chips) 
Seat 4: carco82 (€26.72 in chips) 
Seat 5: Split2902 (€27.14 in chips) 
Seat 6: villainnnn (€16.23 in chips) 
pipinoelbreve9: posts small blind €0.05
Frekos8975: posts big blind €0.10
*** HOLE CARDS ***
Dealt to pipinoelbreve9 [Js 3c]
carco82: folds 
Split2902: raises €0.15 to €0.25
villainnnn: folds 
juankimar: folds 
pipinoelbreve9: folds 
Frekos8975: folds 
Uncalled bet (€0.15) returned to Split2902
Split2902 collected €0.25 from pot
Split2902: doesn't show hand 
*** SUMMARY ***
Total pot €0.25 | Rake €0 
Seat 1: juankimar (button) folded before Flop (didn't bet)
Seat 2: pipinoelbreve9 (small blind) folded before Flop
Seat 3: Frekos8975 (big blind) folded before Flop
Seat 4: carco82 folded before Flop (didn't bet)
Seat 5: Split2902 collected (€0.25)
Seat 6: villainnnn folded before Flop (didn't bet)



PokerStars Zoom Hand #258486387128:  Hold'em No Limit (€0.05/€0.10) - 2025/11/12 18:05:25 CET [2025/11/12 12:05:25 ET]
Table 'Caph' 6-max Seat #1 is the button
Seat 1: Split2902 (€27.14 in chips) 
Seat 2: carco82 (€26.77 in chips) 
Seat 3: pipinoelbreve9 (€16.27 in chips) 
Seat 4: Lori057 (€11.11 in chips) 
Seat 5: martine4839 (€10.10 in chips) 
Seat 6: chesbas_one (€19.22 in chips) 
carco82: posts small blind €0.05
pipinoelbreve9: posts big blind €0.10
*** HOLE CARDS ***
Dealt to pipinoelbreve9 [2s 5s]
Lori057: raises €0.20 to €0.30
martine4839: folds 
chesbas_one: raises €0.60 to €0.90
Split2902: folds 
carco82: folds 
pipinoelbreve9: folds 
Lori057: calls €0.60
*** FLOP *** [Qc Jd 5d]
Lori057: checks 
chesbas_one: bets €0.61
Lori057: calls €0.61
*** TURN *** [Qc Jd 5d] [Td]
Lori057: checks 
chesbas_one: checks 
*** RIVER *** [Qc Jd 5d Td] [Tc]
Lori057: bets €1.26
chesbas_one: calls €1.26
*** SHOW DOWN ***
Lori057: shows [Ad Kh] (a straight, Ten to Ace)
chesbas_one: mucks hand 
Lori057 collected €5.41 from pot
*** SUMMARY ***
Total pot €5.69 | Rake €0.28 
Board [Qc Jd 5d Td Tc]
Seat 1: Split2902 (button) folded before Flop (didn't bet)
Seat 2: carco82 (small blind) folded before Flop
Seat 3: pipinoelbreve9 (big blind) folded before Flop
Seat 4: Lori057 showed [Ad Kh] and won (€5.41) with a straight, Ten to Ace
Seat 5: martine4839 folded before Flop (didn't bet)
Seat 6: chesbas_one mucked [Ac Ah]



PokerStars Zoom Hand #258486392630:  Hold'em No Limit (€0.05/€0.10) - 2025/11/12 18:05:55 CET [2025/11/12 12:05:55 ET]
Table 'Caph' 6-max Seat #1 is the button
Seat 1: urkel77 (€16.69 in chips) 
Seat 2: eldurodeduros (€13.86 in chips) 
Seat 3: Jorgegg02 (€8.87 in chips) 
Seat 4: imnataa (€23.76 in chips) 
Seat 5: MrBeleko (€9.55 in chips) 
Seat 6: pipinoelbreve9 (€16.12 in chips) 
eldurodeduros: posts small blind €0.05
Jorgegg02: posts big blind €0.10
*** HOLE CARDS ***
Dealt to pipinoelbreve9 [Qh Js]
imnataa: folds 
MrBeleko: folds 
pipinoelbreve9: raises €0.15 to €0.25
urkel77: folds 
eldurodeduros: folds 
Jorgegg02: folds 
Uncalled bet (€0.15) returned to pipinoelbreve9
pipinoelbreve9 collected €0.25 from pot
pipinoelbreve9: doesn't show hand 
*** SUMMARY ***
Total pot €0.25 | Rake €0 
Seat 1: urkel77 (button) folded before Flop (didn't bet)
Seat 2: eldurodeduros (small blind) folded before Flop
Seat 3: Jorgegg02 (big blind) folded before Flop
Seat 4: imnataa folded before Flop (didn't bet)
Seat 5: MrBeleko folded before Flop (didn't bet)
Seat 6: pipinoelbreve9 collected (€0.25)



PokerStars Zoom Hand #258486396662:  Hold'em No Limit (€0.05/€0.10) - 2025/11/12 18:06:17 CET [2025/11/12 12:06:17 ET]
Table 'Caph' 6-max Seat #1 is the button
Seat 1: xhuummm (€13.53 in chips) 
Seat 2: MrBeleko (€9.45 in chips) 
Seat 3: nunocascops (€11.97 in chips) 
Seat 4: Split2902 (€27.24 in chips) 
Seat 5: 00789 (€23.85 in chips) 
Seat 6: pipinoelbreve9 (€16.27 in chips) 
MrBeleko: posts small blind €0.05
nunocascops: posts big blind €0.10
*** HOLE CARDS ***
Dealt to pipinoelbreve9 [4c 6s]
Split2902: folds 
00789: folds 
pipinoelbreve9: folds 
xhuummm: folds 
MrBeleko: folds 
Uncalled bet (€0.05) returned to nunocascops
nunocascops collected €0.10 from pot
nunocascops: doesn't show hand 
*** SUMMARY ***
Total pot €0.10 | Rake €0 
Seat 1: xhuummm (button) folded before Flop (didn't bet)
Seat 2: MrBeleko (small blind) folded before Flop
Seat 3: nunocascops (big blind) collected (€0.10)
Seat 4: Split2902 folded before Flop (didn't bet)
Seat 5: 00789 folded before Flop (didn't bet)
Seat 6: pipinoelbreve9 folded before Flop (didn't bet)



PokerStars Zoom Hand #258486400033:  Hold'em No Limit (€0.05/€0.10) - 2025/11/12 18:06:35 CET [2025/11/12 12:06:35 ET]
Table 'Caph' 6-max Seat #1 is the button
Seat 1: edraz11 (€10.95 in chips) 
Seat 2: carco82 (€14 in chips) 
Seat 3: Juanprada44 (€15.68 in chips) 
Seat 4: n0rthw00d (€21.42 in chips) 
Seat 5: pipinoelbreve9 (€16.22 in chips) 
Seat 6: Frekos8975 (€11.43 in chips) 
carco82: posts small blind €0.05
Juanprada44: posts big blind €0.10
*** HOLE CARDS ***
Dealt to pipinoelbreve9 [8c 5c]
n0rthw00d: folds 
pipinoelbreve9: folds 
Frekos8975: folds 
edraz11: raises €0.15 to €0.25
carco82: calls €0.20
Juanprada44: calls €0.15
*** FLOP *** [Qh 9h 8h]
carco82: checks 
Juanprada44: bets €0.23
edraz11: folds 
carco82: folds 
Uncalled bet (€0.23) returned to Juanprada44
Juanprada44 collected €0.71 from pot
Juanprada44: doesn't show hand 
*** SUMMARY ***
Total pot €0.75 | Rake €0.04 
Board [Qh 9h 8h]
Seat 1: edraz11 (button) folded on the Flop
Seat 2: carco82 (small blind) folded on the Flop
Seat 3: Juanprada44 (big blind) collected (€0.71)
Seat 4: n0rthw00d folded before Flop (didn't bet)
Seat 5: pipinoelbreve9 folded before Flop (didn't bet)
Seat 6: Frekos8975 folded before Flop (didn't bet)



PokerStars Zoom Hand #258486395298:  Hold'em No Limit (€0.05/€0.10) - 2025/11/12 18:06:10 CET [2025/11/12 12:06:10 ET]
Table 'Caph' 6-max Seat #1 is the button
Seat 1: pipinoelbreve9 (€16.27 in chips) 
Seat 2: n0rthw00d (€21.47 in chips) 
Seat 3: MOIVP (€13.35 in chips) 
Seat 4: xhuummm (€13.58 in chips) 
Seat 5: HPforever65 (€9.95 in chips) 
Seat 6: juankimar (€22.64 in chips) 
n0rthw00d: posts small blind €0.05
MOIVP: posts big blind €0.10
*** HOLE CARDS ***
Dealt to pipinoelbreve9 [Kh 7d]
xhuummm: folds 
HPforever65: raises €0.15 to €0.25
juankimar: folds 
pipinoelbreve9: folds 
n0rthw00d: folds 
MOIVP: calls €0.15
*** FLOP *** [4s 3h 9c]
MOIVP: checks 
HPforever65: bets €0.41
MOIVP: calls €0.41
*** TURN *** [4s 3h 9c] [Ah]
MOIVP: checks 
HPforever65: checks 
*** RIVER *** [4s 3h 9c Ah] [8c]
MOIVP: bets €0.30
HPforever65: raises €1.08 to €1.38
MOIVP: folds 
Uncalled bet (€1.08) returned to HPforever65
HPforever65 collected €1.87 from pot
HPforever65: doesn't show hand 
*** SUMMARY ***
Total pot €1.97 | Rake €0.10 
Board [4s 3h 9c Ah 8c]
Seat 1: pipinoelbreve9 (button) folded before Flop (didn't bet)
Seat 2: n0rthw00d (small blind) folded before Flop
Seat 3: MOIVP (big blind) folded on the River
Seat 4: xhuummm folded before Flop (didn't bet)
Seat 5: HPforever65 collected (€1.87)
Seat 6: juankimar folded before Flop (didn't bet)



PokerStars Zoom Hand #258486403997:  Hold'em No Limit (€0.05/€0.10) - 2025/11/12 18:06:56 CET [2025/11/12 12:06:56 ET]
Table 'Caph' 6-max Seat #1 is the button
Seat 1: MOIVP (€10 in chips) 
Seat 2: nunocascops (€11.97 in chips) 
Seat 3: Andreachiva (€15.59 in chips) 
Seat 4: pipinoelbreve9 (€16.12 in chips) 
Seat 5: allmike78 (€20.65 in chips) 
Seat 6: carco82 (€13.75 in chips) 
nunocascops: posts small blind €0.05
Andreachiva: posts big blind €0.10
*** HOLE CARDS ***
Dealt to pipinoelbreve9 [9c Qh]
pipinoelbreve9: folds 
allmike78: folds 
carco82: folds 
MOIVP: raises €0.10 to €0.20
nunocascops: folds 
Andreachiva: folds 
Uncalled bet (€0.10) returned to MOIVP
MOIVP collected €0.25 from pot
MOIVP: doesn't show hand 
*** SUMMARY ***
Total pot €0.25 | Rake €0 
Seat 1: MOIVP (button) collected (€0.25)
Seat 2: nunocascops (small blind) folded before Flop
Seat 3: Andreachiva (big blind) folded before Flop
Seat 4: pipinoelbreve9 folded before Flop (didn't bet)
Seat 5: allmike78 folded before Flop (didn't bet)
Seat 6: carco82 folded before Flop (didn't bet)



PokerStars Zoom Hand #258486398317:  Hold'em No Limit (€0.05/€0.10) - 2025/11/12 18:06:26 CET [2025/11/12 12:06:26 ET]
Table 'Caph' 6-max Seat #1 is the button
Seat 1: luyi-3112 (€10.15 in chips) 
Seat 2: pipinoelbreve9 (€16.27 in chips) 
Seat 3: MOIVP (€12.82 in chips) 
Seat 4: juankimar (€23.10 in chips) 
Seat 5: Split2902 (€13.59 in chips) 
Seat 6: Jorgegg02 (€8.72 in chips) 
pipinoelbreve9: posts small blind €0.05
MOIVP: posts big blind €0.10
*** HOLE CARDS ***
Dealt to pipinoelbreve9 [Th 2d]
juankimar: folds 
Split2902: folds 
Jorgegg02: calls €0.10
luyi-3112 has timed out
luyi-3112: folds 
pipinoelbreve9: folds 
MOIVP: checks 
*** FLOP *** [Ad 4s Ac]
MOIVP: checks 
Jorgegg02: bets €0.20
MOIVP: folds 
Uncalled bet (€0.20) returned to Jorgegg02
Jorgegg02 collected €0.24 from pot
Jorgegg02: doesn't show hand 
*** SUMMARY ***
Total pot €0.25 | Rake €0.01 
Board [Ad 4s Ac]
Seat 1: luyi-3112 (button) folded before Flop (didn't bet)
Seat 2: pipinoelbreve9 (small blind) folded before Flop
Seat 3: MOIVP (big blind) folded on the Flop
Seat 4: juankimar folded before Flop (didn't bet)
Seat 5: Split2902 folded before Flop (didn't bet)
Seat 6: Jorgegg02 collected (€0.24)



PokerStars Zoom Hand #258486404891:  Hold'em No Limit (€0.05/€0.10) - 2025/11/12 18:07:01 CET [2025/11/12 12:07:01 ET]
Table 'Caph' 6-max Seat #1 is the button
Seat 1: pipinoelbreve9 (€16.12 in chips) 
Seat 2: MrBeleko (€9.57 in chips) 
Seat 3: Split2902 (€16.40 in chips) 
Seat 4: n0rthw00d (€10 in chips) 
Seat 5: Golmar98 (€12.80 in chips) 
Seat 6: QUIQUE JONES (€4.37 in chips) 
MrBeleko: posts small blind €0.05
Split2902: posts big blind €0.10
*** HOLE CARDS ***
Dealt to pipinoelbreve9 [Ah Kd]
n0rthw00d: folds 
Golmar98: folds 
QUIQUE JONES: raises €0.10 to €0.20
pipinoelbreve9: raises €0.50 to €0.70
MrBeleko: folds 
Split2902: folds 
QUIQUE JONES: folds 
Uncalled bet (€0.50) returned to pipinoelbreve9
pipinoelbreve9 collected €0.55 from pot
pipinoelbreve9: doesn't show hand 
*** SUMMARY ***
Total pot €0.55 | Rake €0 
Seat 1: pipinoelbreve9 (button) collected (€0.55)
Seat 2: MrBeleko (small blind) folded before Flop
Seat 3: Split2902 (big blind) folded before Flop
Seat 4: n0rthw00d folded before Flop (didn't bet)
Seat 5: Golmar98 folded before Flop (didn't bet)
Seat 6: QUIQUE JONES folded before Flop



PokerStars Zoom Hand #258486399251:  Hold'em No Limit (€0.05/€0.10) - 2025/11/12 18:06:31 CET [2025/11/12 12:06:31 ET]
Table 'Caph' 6-max Seat #1 is the button
Seat 1: NAlexandru22 (€8.04 in chips) 
Seat 2: edraz11 (€11 in chips) 
Seat 3: lagasalahaga (€16.44 in chips) 
Seat 4: pipinoelbreve9 (€16.22 in chips) 
Seat 5: carco82 (€26.57 in chips) 
Seat 6: juankimar (€23.10 in chips) 
edraz11: posts small blind €0.05
lagasalahaga: posts big blind €0.10
*** HOLE CARDS ***
Dealt to pipinoelbreve9 [Qc 4d]
pipinoelbreve9: folds 
carco82: folds 
juankimar: raises €0.15 to €0.25
NAlexandru22: raises €0.75 to €1
edraz11: folds 
lagasalahaga: folds 
juankimar: calls €0.75
*** FLOP *** [3h 5s Ts]
juankimar: checks 
NAlexandru22: checks 
*** TURN *** [3h 5s Ts] [Kh]
juankimar: bets €2.04
NAlexandru22: raises €5 to €7.04 and is all-in
juankimar: calls €5
*** RIVER *** [3h 5s Ts Kh] [Tc]
*** SHOW DOWN ***
juankimar: shows [Td Th] (four of a kind, Tens)
NAlexandru22: shows [Kd Ac] (two pair, Kings and Tens)
juankimar collected €15.42 from pot
*** SUMMARY ***
Total pot €16.23 | Rake €0.81 
Board [3h 5s Ts Kh Tc]
Seat 1: NAlexandru22 (button) showed [Kd Ac] and lost with two pair, Kings and Tens
Seat 2: edraz11 (small blind) folded before Flop
Seat 3: lagasalahaga (big blind) folded before Flop
Seat 4: pipinoelbreve9 folded before Flop (didn't bet)
Seat 5: carco82 folded before Flop (didn't bet)
Seat 6: juankimar showed [Td Th] and won (€15.42) with four of a kind, Tens



PokerStars Zoom Hand #258486400983:  Hold'em No Limit (€0.05/€0.10) - 2025/11/12 18:06:40 CET [2025/11/12 12:06:40 ET]
Table 'Caph' 6-max Seat #1 is the button
Seat 1: nunocascops (€11.97 in chips) 
Seat 2: Rickybcn (€8.01 in chips) 
Seat 3: pipinoelbreve9 (€16.22 in chips) 
Seat 4: carco82 (€26.47 in chips) 
Seat 5: basukun (€10 in chips) 
Seat 6: wilielninio (€10.91 in chips) 
Rickybcn: posts small blind €0.05
pipinoelbreve9: posts big blind €0.10
*** HOLE CARDS ***
Dealt to pipinoelbreve9 [Qh Js]
carco82: folds 
basukun: raises €0.10 to €0.20
wilielninio: folds 
nunocascops: folds 
Rickybcn: raises €0.50 to €0.70
pipinoelbreve9: folds 
basukun: calls €0.50
*** FLOP *** [9c Tc Td]
Rickybcn: bets €0.47
basukun: calls €0.47
*** TURN *** [9c Tc Td] [8c]
Rickybcn: bets €0.77
basukun: calls €0.77
*** RIVER *** [9c Tc Td 8c] [8h]
Rickybcn: checks 
basukun: checks 
*** SHOW DOWN ***
Rickybcn: shows [Ac Ah] (two pair, Aces and Tens)
basukun: mucks hand 
Rickybcn collected €3.78 from pot
*** SUMMARY ***
Total pot €3.98 | Rake €0.20 
Board [9c Tc Td 8c 8h]
Seat 1: nunocascops (button) folded before Flop (didn't bet)
Seat 2: Rickybcn (small blind) showed [Ac Ah] and won (€3.78) with two pair, Aces and Tens
Seat 3: pipinoelbreve9 (big blind) folded before Flop
Seat 4: carco82 folded before Flop (didn't bet)
Seat 5: basukun mucked [9h Jh]
Seat 6: wilielninio folded before Flop (didn't bet)



PokerStars Zoom Hand #258486409556:  Hold'em No Limit (€0.05/€0.10) - 2025/11/12 18:07:26 CET [2025/11/12 12:07:26 ET]
Table 'Caph' 6-max Seat #1 is the button
Seat 1: edraz11 (€14.48 in chips) 
Seat 2: martine4839 (€11.63 in chips) 
Seat 3: n0rthw00d (€19.43 in chips) 
Seat 4: Frekos8975 (€11.03 in chips) 
Seat 5: dtdavid05 (€18.17 in chips) 
Seat 6: pipinoelbreve9 (€16.47 in chips) 
martine4839: posts small blind €0.05
n0rthw00d: posts big blind €0.10
*** HOLE CARDS ***
Dealt to pipinoelbreve9 [Ks 4s]
Frekos8975: folds 
dtdavid05: folds 
pipinoelbreve9: raises €0.15 to €0.25
edraz11: folds 
martine4839: folds 
n0rthw00d: calls €0.15
*** FLOP *** [6h Tc 2d]
n0rthw00d: checks 
pipinoelbreve9: checks 
*** TURN *** [6h Tc 2d] [5c]
n0rthw00d: checks 
pipinoelbreve9: bets €0.17
n0rthw00d: calls €0.17
*** RIVER *** [6h Tc 2d 5c] [Ah]
n0rthw00d: checks 
pipinoelbreve9: bets €0.56
n0rthw00d: calls €0.56
*** SHOW DOWN ***
pipinoelbreve9: shows [Ks 4s] (high card Ace)
n0rthw00d: shows [3h Ad] (a pair of Aces)
n0rthw00d collected €1.91 from pot
*** SUMMARY ***
Total pot €2.01 | Rake €0.10 
Board [6h Tc 2d 5c Ah]
Seat 1: edraz11 (button) folded before Flop (didn't bet)
Seat 2: martine4839 (small blind) folded before Flop
Seat 3: n0rthw00d (big blind) showed [3h Ad] and won (€1.91) with a pair of Aces
Seat 4: Frekos8975 folded before Flop (didn't bet)
Seat 5: dtdavid05 folded before Flop (didn't bet)
Seat 6: pipinoelbreve9 showed [Ks 4s] and lost with high card Ace



PokerStars Zoom Hand #258486415106:  Hold'em No Limit (€0.05/€0.10) - 2025/11/12 18:07:56 CET [2025/11/12 12:07:56 ET]
Table 'Caph' 6-max Seat #1 is the button
Seat 1: amsterdam141 (€5 in chips) 
Seat 2: Andreachiva (€15.69 in chips) 
Seat 3: MOIVP (€12.01 in chips) 
Seat 4: edraz11 (€23.91 in chips) 
Seat 5: pipinoelbreve9 (€15.49 in chips) 
Seat 6: basukun (€9.90 in chips) 
Andreachiva: posts small blind €0.05
MOIVP: posts big blind €0.10
*** HOLE CARDS ***
Dealt to pipinoelbreve9 [2c 6h]
edraz11: folds 
pipinoelbreve9: folds 
basukun: folds 
amsterdam141: folds 
Andreachiva: folds 
Uncalled bet (€0.05) returned to MOIVP
MOIVP collected €0.10 from pot
MOIVP: doesn't show hand 
*** SUMMARY ***
Total pot €0.10 | Rake €0 
Seat 1: amsterdam141 (button) folded before Flop (didn't bet)
Seat 2: Andreachiva (small blind) folded before Flop
Seat 3: MOIVP (big blind) collected (€0.10)
Seat 4: edraz11 folded before Flop (didn't bet)
Seat 5: pipinoelbreve9 folded before Flop (didn't bet)
Seat 6: basukun folded before Flop (didn't bet)



PokerStars Zoom Hand #258486415651:  Hold'em No Limit (€0.05/€0.10) - 2025/11/12 18:07:59 CET [2025/11/12 12:07:59 ET]
Table 'Caph' 6-max Seat #1 is the button
Seat 1: basukun (€14.76 in chips) 
Seat 2: pipinoelbreve9 (€15.49 in chips) 
Seat 3: PrincipeOfPoker (€20.71 in chips) 
Seat 4: Golmar98 (€13.14 in chips) 
Seat 5: olijmandrea (€10.25 in chips) 
Seat 6: CanarioJ23 (€14.91 in chips) 
pipinoelbreve9: posts small blind €0.05
PrincipeOfPoker: posts big blind €0.10
*** HOLE CARDS ***
Dealt to pipinoelbreve9 [Qh Jc]
Golmar98: folds 
olijmandrea: folds 
CanarioJ23: folds 
basukun: folds 
pipinoelbreve9: raises €0.15 to €0.25
PrincipeOfPoker: folds 
Uncalled bet (€0.15) returned to pipinoelbreve9
pipinoelbreve9 collected €0.20 from pot
pipinoelbreve9: doesn't show hand 
*** SUMMARY ***
Total pot €0.20 | Rake €0 
Seat 1: basukun (button) folded before Flop (didn't bet)
Seat 2: pipinoelbreve9 (small blind) collected (€0.20)
Seat 3: PrincipeOfPoker (big blind) folded before Flop
Seat 4: Golmar98 folded before Flop (didn't bet)
Seat 5: olijmandrea folded before Flop (didn't bet)
Seat 6: CanarioJ23 folded before Flop (didn't bet)



