PokerStars Zoom Hand #259513202915:  Hold'em No Limit (€0.02/€0.05) - 2026/01/29 22:21:05 CET [2026/01/29 16:21:05 ET]
Table 'Asterope' 6-max Seat #1 is the button
Seat 1: yogo0707 (€5.34 in chips) 
Seat 2: pipinoelbreve9 (€5 in chips) 
Seat 3: NIHHIL0 (€5 in chips) 
Seat 4: frasein567 (€4.14 in chips) 
Seat 5: petete659 (€8.37 in chips) 
Seat 6: EduPokerItu (€5.08 in chips) 
pipinoelbreve9: posts small blind €0.02
NIHHIL0: posts big blind €0.05
*** HOLE CARDS ***
Dealt to pipinoelbreve9 [5c Qh]
frasein567: folds 
petete659: folds 
EduPokerItu: folds 
yogo0707: folds 
pipinoelbreve9: folds 
Uncalled bet (€0.03) returned to NIHHIL0
NIHHIL0 collected €0.04 from pot
NIHHIL0: doesn't show hand 
*** SUMMARY ***
Total pot €0.04 | Rake €0 
Seat 1: yogo0707 (button) folded before Flop (didn't bet)
Seat 2: pipinoelbreve9 (small blind) folded before Flop
Seat 3: NIHHIL0 (big blind) collected (€0.04)
Seat 4: frasein567 folded before Flop (didn't bet)
Seat 5: petete659 folded before Flop (didn't bet)
Seat 6: EduPokerItu folded before Flop (didn't bet)



PokerStars Zoom Hand #259513199899:  Hold'em No Limit (€0.02/€0.05) - 2026/01/29 22:20:53 CET [2026/01/29 16:20:53 ET]
Table 'Asterope' 6-max Seat #1 is the button
Seat 1: Angelfs7 (€11.40 in chips) 
Seat 2: Intraneon (€9.28 in chips) 
Seat 3: pipinoelbreve9 (€5 in chips) 
Seat 4: Crossnar (€9.57 in chips) 
Seat 5: pokerikb (€4.95 in chips) 
Seat 6: lobitillo (€5.20 in chips) 
Intraneon: posts small blind €0.02
pipinoelbreve9: posts big blind €0.05
*** HOLE CARDS ***
Dealt to pipinoelbreve9 [4h Td]
Crossnar: raises €0.10 to €0.15
pokerikb: folds 
lobitillo: calls €0.15
Angelfs7: folds 
Intraneon: folds 
pipinoelbreve9: folds 
*** FLOP *** [Tc Kd Qh]
Crossnar: checks 
lobitillo: checks 
*** TURN *** [Tc Kd Qh] [4d]
Crossnar: checks 
lobitillo: bets €0.14
Crossnar: calls €0.14
*** RIVER *** [Tc Kd Qh 4d] [Kc]
Crossnar: checks 
lobitillo: checks 
*** SHOW DOWN ***
Crossnar: shows [7h 7d] (two pair, Kings and Sevens)
lobitillo: mucks hand 
Crossnar collected €0.62 from pot
*** SUMMARY ***
Total pot €0.65 | Rake €0.03 
Board [Tc Kd Qh 4d Kc]
Seat 1: Angelfs7 (button) folded before Flop (didn't bet)
Seat 2: Intraneon (small blind) folded before Flop
Seat 3: pipinoelbreve9 (big blind) folded before Flop
Seat 4: Crossnar showed [7h 7d] and won (€0.62) with two pair, Kings and Sevens
Seat 5: pokerikb folded before Flop (didn't bet)
Seat 6: lobitillo mucked [5d 5s]



PokerStars Zoom Hand #259513204144:  Hold'em No Limit (€0.02/€0.05) - 2026/01/29 22:21:10 CET [2026/01/29 16:21:10 ET]
Table 'Asterope' 6-max Seat #1 is the button
Seat 1: pipinoelbreve9 (€5 in chips) 
Seat 2: UndertheGun7799 (€10.79 in chips) 
Seat 3: martingebar (€9.98 in chips) 
Seat 4: redwoco (€2.72 in chips) 
Seat 5: FLIBUSTO (€1.85 in chips) 
Seat 6: Sophistês (€8.41 in chips) 
UndertheGun7799: posts small blind €0.02
martingebar: posts big blind €0.05
*** HOLE CARDS ***
Dealt to pipinoelbreve9 [Th Qs]
redwoco: folds 
FLIBUSTO: raises €1.80 to €1.85 and is all-in
Sophistês: folds 
pipinoelbreve9: folds 
UndertheGun7799: folds 
martingebar: folds 
Uncalled bet (€1.80) returned to FLIBUSTO
FLIBUSTO collected €0.12 from pot
FLIBUSTO: doesn't show hand 
*** SUMMARY ***
Total pot €0.12 | Rake €0 
Seat 1: pipinoelbreve9 (button) folded before Flop (didn't bet)
Seat 2: UndertheGun7799 (small blind) folded before Flop
Seat 3: martingebar (big blind) folded before Flop
Seat 4: redwoco folded before Flop (didn't bet)
Seat 5: FLIBUSTO collected (€0.12)
Seat 6: Sophistês folded before Flop (didn't bet)



PokerStars Zoom Hand #259513208124:  Hold'em No Limit (€0.02/€0.05) - 2026/01/29 22:21:26 CET [2026/01/29 16:21:26 ET]
Table 'Asterope' 6-max Seat #1 is the button
Seat 1: TousPour0 (€5.89 in chips) 
Seat 2: EronMobius (€6.67 in chips) 
Seat 3: frasein567 (€4.14 in chips) 
Seat 4: bufu92 (€5.29 in chips) 
Seat 5: pipinoelbreve9 (€5 in chips) 
Seat 6: Nipoquel (€6.12 in chips) 
EronMobius: posts small blind €0.02
frasein567: posts big blind €0.05
*** HOLE CARDS ***
Dealt to pipinoelbreve9 [2c 2d]
TousPour0 is disconnected 
bufu92: folds 
pipinoelbreve9: raises €0.07 to €0.12
Nipoquel: folds 
TousPour0 has timed out while disconnected
TousPour0: folds 
EronMobius: folds 
frasein567: folds 
Uncalled bet (€0.07) returned to pipinoelbreve9
pipinoelbreve9 collected €0.12 from pot
pipinoelbreve9: doesn't show hand 
*** SUMMARY ***
Total pot €0.12 | Rake €0 
Seat 1: TousPour0 (button) folded before Flop (didn't bet)
Seat 2: EronMobius (small blind) folded before Flop
Seat 3: frasein567 (big blind) folded before Flop
Seat 4: bufu92 folded before Flop (didn't bet)
Seat 5: pipinoelbreve9 collected (€0.12)
Seat 6: Nipoquel folded before Flop (didn't bet)



PokerStars Zoom Hand #259513214993:  Hold'em No Limit (€0.02/€0.05) - 2026/01/29 22:21:52 CET [2026/01/29 16:21:52 ET]
Table 'Asterope' 6-max Seat #1 is the button
Seat 1: menkhere (€5.74 in chips) 
Seat 2: fernando3768 (€3.85 in chips) 
Seat 3: Reshulon7 (€10.96 in chips) 
Seat 4: Bambdu62 (€2.38 in chips) 
Seat 5: titipro1905 (€5.14 in chips) 
Seat 6: pipinoelbreve9 (€5.07 in chips) 
fernando3768: posts small blind €0.02
Reshulon7: posts big blind €0.05
*** HOLE CARDS ***
Dealt to pipinoelbreve9 [2s 6d]
Bambdu62: folds 
titipro1905: folds 
pipinoelbreve9: folds 
menkhere: folds 
fernando3768: folds 
Uncalled bet (€0.03) returned to Reshulon7
Reshulon7 collected €0.04 from pot
Reshulon7: doesn't show hand 
*** SUMMARY ***
Total pot €0.04 | Rake €0 
Seat 1: menkhere (button) folded before Flop (didn't bet)
Seat 2: fernando3768 (small blind) folded before Flop
Seat 3: Reshulon7 (big blind) collected (€0.04)
Seat 4: Bambdu62 folded before Flop (didn't bet)
Seat 5: titipro1905 folded before Flop (didn't bet)
Seat 6: pipinoelbreve9 folded before Flop (didn't bet)



PokerStars Zoom Hand #259513216174:  Hold'em No Limit (€0.02/€0.05) - 2026/01/29 22:21:57 CET [2026/01/29 16:21:57 ET]
Table 'Asterope' 6-max Seat #1 is the button
Seat 1: el_heniek (€9.27 in chips) 
Seat 2: Serji24 (€1.33 in chips) 
Seat 3: antoo159 (€2 in chips) 
Seat 4: Aztamuka (€4.48 in chips) 
Seat 5: pipinoelbreve9 (€5.07 in chips) 
Seat 6: manrik_1 (€4.23 in chips) 
Serji24: posts small blind €0.02
antoo159: posts big blind €0.05
*** HOLE CARDS ***
Dealt to pipinoelbreve9 [Td 8d]
Aztamuka: folds 
pipinoelbreve9: folds 
manrik_1: folds 
el_heniek: folds 
Serji24: folds 
Uncalled bet (€0.03) returned to antoo159
antoo159 collected €0.04 from pot
antoo159: doesn't show hand 
*** SUMMARY ***
Total pot €0.04 | Rake €0 
Seat 1: el_heniek (button) folded before Flop (didn't bet)
Seat 2: Serji24 (small blind) folded before Flop
Seat 3: antoo159 (big blind) collected (€0.04)
Seat 4: Aztamuka folded before Flop (didn't bet)
Seat 5: pipinoelbreve9 folded before Flop (didn't bet)
Seat 6: manrik_1 folded before Flop (didn't bet)



PokerStars Zoom Hand #259513217997:  Hold'em No Limit (€0.02/€0.05) - 2026/01/29 22:22:04 CET [2026/01/29 16:22:04 ET]
Table 'Asterope' 6-max Seat #1 is the button
Seat 1: Bambdu62 (€2.36 in chips) 
Seat 2: fernando3768 (€8.34 in chips) 
Seat 3: pipinoelbreve9 (€5.07 in chips) 
Seat 4: manrik_1 (€4.23 in chips) 
Seat 5: KingstaS13 (€5.59 in chips) 
Seat 6: kokks2 (€5 in chips) 
fernando3768: posts small blind €0.02
pipinoelbreve9: posts big blind €0.05
*** HOLE CARDS ***
Dealt to pipinoelbreve9 [9c 4s]
manrik_1: folds 
KingstaS13: folds 
kokks2: folds 
Bambdu62: folds 
fernando3768: raises €0.10 to €0.15
pipinoelbreve9: folds 
Uncalled bet (€0.10) returned to fernando3768
fernando3768 collected €0.10 from pot
fernando3768: doesn't show hand 
*** SUMMARY ***
Total pot €0.10 | Rake €0 
Seat 1: Bambdu62 (button) folded before Flop (didn't bet)
Seat 2: fernando3768 (small blind) collected (€0.10)
Seat 3: pipinoelbreve9 (big blind) folded before Flop
Seat 4: manrik_1 folded before Flop (didn't bet)
Seat 5: KingstaS13 folded before Flop (didn't bet)
Seat 6: kokks2 folded before Flop (didn't bet)



PokerStars Zoom Hand #259513226525:  Hold'em No Limit (€0.02/€0.05) - 2026/01/29 22:22:38 CET [2026/01/29 16:22:38 ET]
Table 'Asterope' 6-max Seat #1 is the button
Seat 1: Intraneon (€8.96 in chips) 
Seat 2: pipinoelbreve9 (€5.02 in chips) 
Seat 3: redwoco (€2.79 in chips) 
Seat 4: Sophistês (€5 in chips) 
Seat 5: petete659 (€8.30 in chips) 
Seat 6: vayewis (€5 in chips) 
pipinoelbreve9: posts small blind €0.02
redwoco: posts big blind €0.05
*** HOLE CARDS ***
Dealt to pipinoelbreve9 [Kh 4c]
Sophistês: folds 
petete659: folds 
vayewis: folds 
Intraneon: raises €0.07 to €0.12
pipinoelbreve9: folds 
redwoco: raises €0.38 to €0.50
Intraneon: folds 
Uncalled bet (€0.38) returned to redwoco
redwoco collected €0.26 from pot
redwoco: doesn't show hand 
*** SUMMARY ***
Total pot €0.26 | Rake €0 
Seat 1: Intraneon (button) folded before Flop
Seat 2: pipinoelbreve9 (small blind) folded before Flop
Seat 3: redwoco (big blind) collected (€0.26)
Seat 4: Sophistês folded before Flop (didn't bet)
Seat 5: petete659 folded before Flop (didn't bet)
Seat 6: vayewis folded before Flop (didn't bet)



PokerStars Zoom Hand #259513222660:  Hold'em No Limit (€0.02/€0.05) - 2026/01/29 22:22:23 CET [2026/01/29 16:22:23 ET]
Table 'Asterope' 6-max Seat #1 is the button
Seat 1: Xaperegui8 (€7.78 in chips) 
Seat 2: Reshulon7 (€11.05 in chips) 
Seat 3: NIHHIL0 (€14.37 in chips) 
Seat 4: prouchte (€7.48 in chips) 
Seat 5: Intraneon (€8.96 in chips) 
Seat 6: pipinoelbreve9 (€5.02 in chips) 
Reshulon7: posts small blind €0.02
NIHHIL0: posts big blind €0.05
*** HOLE CARDS ***
Dealt to pipinoelbreve9 [8d 2h]
prouchte: raises €0.12 to €0.17
Intraneon: folds 
pipinoelbreve9: folds 
Xaperegui8: folds 
Reshulon7: folds 
NIHHIL0: calls €0.12
*** FLOP *** [8h 3d Tc]
NIHHIL0: checks 
prouchte: checks 
*** TURN *** [8h 3d Tc] [4c]
NIHHIL0: checks 
prouchte: checks 
*** RIVER *** [8h 3d Tc 4c] [Kh]
NIHHIL0: checks 
prouchte: checks 
*** SHOW DOWN ***
NIHHIL0: shows [5s 3s] (a pair of Threes)
prouchte: mucks hand 
NIHHIL0 collected €0.34 from pot
*** SUMMARY ***
Total pot €0.36 | Rake €0.02 
Board [8h 3d Tc 4c Kh]
Seat 1: Xaperegui8 (button) folded before Flop (didn't bet)
Seat 2: Reshulon7 (small blind) folded before Flop
Seat 3: NIHHIL0 (big blind) showed [5s 3s] and won (€0.34) with a pair of Threes
Seat 4: prouchte mucked [Ah 9h]
Seat 5: Intraneon folded before Flop (didn't bet)
Seat 6: pipinoelbreve9 folded before Flop (didn't bet)



PokerStars Zoom Hand #259513231991:  Hold'em No Limit (€0.02/€0.05) - 2026/01/29 22:22:59 CET [2026/01/29 16:22:59 ET]
Table 'Asterope' 6-max Seat #1 is the button
Seat 1: martingebar (€9.85 in chips) 
Seat 2: redwoco (€2.93 in chips) 
Seat 3: EduPokerItu (€5.42 in chips) 
Seat 4: pipinoelbreve9 (€5 in chips) 
Seat 5: PauloATDias (€8.43 in chips) 
Seat 6: Sophistês (€5 in chips) 
redwoco: posts small blind €0.02
EduPokerItu: posts big blind €0.05
*** HOLE CARDS ***
Dealt to pipinoelbreve9 [5c 9c]
pipinoelbreve9: folds 
PauloATDias: folds 
Sophistês: folds 
martingebar: raises €0.10 to €0.15
redwoco: folds 
EduPokerItu: folds 
Uncalled bet (€0.10) returned to martingebar
martingebar collected €0.12 from pot
martingebar: doesn't show hand 
*** SUMMARY ***
Total pot €0.12 | Rake €0 
Seat 1: martingebar (button) collected (€0.12)
Seat 2: redwoco (small blind) folded before Flop
Seat 3: EduPokerItu (big blind) folded before Flop
Seat 4: pipinoelbreve9 folded before Flop (didn't bet)
Seat 5: PauloATDias folded before Flop (didn't bet)
Seat 6: Sophistês folded before Flop (didn't bet)



PokerStars Zoom Hand #259513232895:  Hold'em No Limit (€0.02/€0.05) - 2026/01/29 22:23:03 CET [2026/01/29 16:23:03 ET]
Table 'Asterope' 6-max Seat #1 is the button
Seat 1: yogo0707 (€5.30 in chips) 
Seat 2: pipinoelbreve9 (€5 in chips) 
Seat 3: EronMobius (€5.75 in chips) 
Seat 4: el_heniek (€5.41 in chips) 
Seat 5: kokks2 (€5.38 in chips) 
Seat 6: Pecadorll (€2.51 in chips) 
pipinoelbreve9: posts small blind €0.02
EronMobius: posts big blind €0.05
*** HOLE CARDS ***
Dealt to pipinoelbreve9 [7c 9c]
el_heniek: folds 
kokks2: folds 
Pecadorll: folds 
yogo0707: folds 
pipinoelbreve9: raises €0.07 to €0.12
EronMobius: folds 
Uncalled bet (€0.07) returned to pipinoelbreve9
pipinoelbreve9 collected €0.10 from pot
pipinoelbreve9: doesn't show hand 
*** SUMMARY ***
Total pot €0.10 | Rake €0 
Seat 1: yogo0707 (button) folded before Flop (didn't bet)
Seat 2: pipinoelbreve9 (small blind) collected (€0.10)
Seat 3: EronMobius (big blind) folded before Flop
Seat 4: el_heniek folded before Flop (didn't bet)
Seat 5: kokks2 folded before Flop (didn't bet)
Seat 6: Pecadorll folded before Flop (didn't bet)



PokerStars Zoom Hand #259513229712:  Hold'em No Limit (€0.02/€0.05) - 2026/01/29 22:22:50 CET [2026/01/29 16:22:50 ET]
Table 'Asterope' 6-max Seat #1 is the button
Seat 1: pipinoelbreve9 (€5 in chips) 
Seat 2: jepad62 (€2.22 in chips) 
Seat 3: gcooper30 (€8.22 in chips) 
Seat 4: PerraTragas (€12.17 in chips) 
Seat 5: yogo0707 (€5.27 in chips) 
Seat 6: redwoco (€2.05 in chips) 
jepad62: posts small blind €0.02
gcooper30: posts big blind €0.05
*** HOLE CARDS ***
Dealt to pipinoelbreve9 [9c 6c]
PerraTragas: folds 
yogo0707: folds 
redwoco: folds 
pipinoelbreve9: folds 
jepad62: raises €0.07 to €0.12
gcooper30: calls €0.07
*** FLOP *** [Kc 2d 5d]
jepad62: checks 
gcooper30: checks 
*** TURN *** [Kc 2d 5d] [4d]
jepad62: checks 
gcooper30: bets €0.17
jepad62: folds 
Uncalled bet (€0.17) returned to gcooper30
gcooper30 collected €0.23 from pot
gcooper30: doesn't show hand 
*** SUMMARY ***
Total pot €0.24 | Rake €0.01 
Board [Kc 2d 5d 4d]
Seat 1: pipinoelbreve9 (button) folded before Flop (didn't bet)
Seat 2: jepad62 (small blind) folded on the Turn
Seat 3: gcooper30 (big blind) collected (€0.23)
Seat 4: PerraTragas folded before Flop (didn't bet)
Seat 5: yogo0707 folded before Flop (didn't bet)
Seat 6: redwoco folded before Flop (didn't bet)



PokerStars Zoom Hand #259513237147:  Hold'em No Limit (€0.02/€0.05) - 2026/01/29 22:23:19 CET [2026/01/29 16:23:19 ET]
Table 'Asterope' 6-max Seat #1 is the button
Seat 1: Crossnar (€14.42 in chips) 
Seat 2: aaboga (€4.54 in chips) 
Seat 3: txiskius (€6.58 in chips) 
Seat 4: Sophistês (€9.06 in chips) 
Seat 5: pipinoelbreve9 (€5.05 in chips) 
Seat 6: el_heniek (€4.98 in chips) 
aaboga: posts small blind €0.02
txiskius: posts big blind €0.05
*** HOLE CARDS ***
Dealt to pipinoelbreve9 [6c Js]
Sophistês: folds 
pipinoelbreve9: folds 
el_heniek: folds 
Crossnar: raises €0.10 to €0.15
aaboga: folds 
txiskius: folds 
Uncalled bet (€0.10) returned to Crossnar
Crossnar collected €0.12 from pot
Crossnar: doesn't show hand 
*** SUMMARY ***
Total pot €0.12 | Rake €0 
Seat 1: Crossnar (button) collected (€0.12)
Seat 2: aaboga (small blind) folded before Flop
Seat 3: txiskius (big blind) folded before Flop
Seat 4: Sophistês folded before Flop (didn't bet)
Seat 5: pipinoelbreve9 folded before Flop (didn't bet)
Seat 6: el_heniek folded before Flop (didn't bet)



PokerStars Zoom Hand #259513238150:  Hold'em No Limit (€0.02/€0.05) - 2026/01/29 22:23:23 CET [2026/01/29 16:23:23 ET]
Table 'Asterope' 6-max Seat #1 is the button
Seat 1: EduPokerItu (€5.35 in chips) 
Seat 2: chulinho10 (€5.13 in chips) 
Seat 3: pipinoelbreve9 (€5.05 in chips) 
Seat 4: aaboga (€4.52 in chips) 
Seat 5: Brais Noron (€5.05 in chips) 
Seat 6: Jumby34 (€5 in chips) 
chulinho10: posts small blind €0.02
pipinoelbreve9: posts big blind €0.05
*** HOLE CARDS ***
Dealt to pipinoelbreve9 [Kh Ts]
aaboga: raises €0.12 to €0.17
Brais Noron: folds 
Jumby34: folds 
EduPokerItu: folds 
chulinho10: folds 
pipinoelbreve9: calls €0.12
*** FLOP *** [Qh 2c 3h]
pipinoelbreve9: checks 
aaboga: checks 
*** TURN *** [Qh 2c 3h] [Ad]
pipinoelbreve9: checks 
aaboga: bets €0.34
pipinoelbreve9: folds 
Uncalled bet (€0.34) returned to aaboga
aaboga collected €0.34 from pot
aaboga: doesn't show hand 
*** SUMMARY ***
Total pot €0.36 | Rake €0.02 
Board [Qh 2c 3h Ad]
Seat 1: EduPokerItu (button) folded before Flop (didn't bet)
Seat 2: chulinho10 (small blind) folded before Flop
Seat 3: pipinoelbreve9 (big blind) folded on the Turn
Seat 4: aaboga collected (€0.34)
Seat 5: Brais Noron folded before Flop (didn't bet)
Seat 6: Jumby34 folded before Flop (didn't bet)



PokerStars Zoom Hand #259513248920:  Hold'em No Limit (€0.02/€0.05) - 2026/01/29 22:24:05 CET [2026/01/29 16:24:05 ET]
Table 'Asterope' 6-max Seat #1 is the button
Seat 1: cocolino143 (€8.80 in chips) 
Seat 2: urkopresi (€4.04 in chips) 
Seat 3: yogo0707 (€5.27 in chips) 
Seat 4: disears (€2.35 in chips) 
Seat 5: Intraneon (€5 in chips) 
Seat 6: pipinoelbreve9 (€5 in chips) 
urkopresi: posts small blind €0.02
yogo0707: posts big blind €0.05
*** HOLE CARDS ***
Dealt to pipinoelbreve9 [4c 8s]
disears: raises €0.05 to €0.10
Intraneon: folds 
pipinoelbreve9: folds 
cocolino143: raises €0.27 to €0.37
urkopresi: folds 
yogo0707: folds 
disears: folds 
Uncalled bet (€0.27) returned to cocolino143
cocolino143 collected €0.27 from pot
cocolino143: doesn't show hand 
*** SUMMARY ***
Total pot €0.27 | Rake €0 
Seat 1: cocolino143 (button) collected (€0.27)
Seat 2: urkopresi (small blind) folded before Flop
Seat 3: yogo0707 (big blind) folded before Flop
Seat 4: disears folded before Flop
Seat 5: Intraneon folded before Flop (didn't bet)
Seat 6: pipinoelbreve9 folded before Flop (didn't bet)



PokerStars Zoom Hand #259513250575:  Hold'em No Limit (€0.02/€0.05) - 2026/01/29 22:24:12 CET [2026/01/29 16:24:12 ET]
Table 'Asterope' 6-max Seat #1 is the button
Seat 1: Intraneon (€5 in chips) 
Seat 2: frasein567 (€3.84 in chips) 
Seat 3: pipinoelbreve9 (€5 in chips) 
Seat 4: Paparrota (€6.75 in chips) 
Seat 5: martingebar (€9.82 in chips) 
Seat 6: TheodorLo (€2.85 in chips) 
frasein567: posts small blind €0.02
pipinoelbreve9: posts big blind €0.05
*** HOLE CARDS ***
Dealt to pipinoelbreve9 [Td 3h]
Paparrota has timed out
Paparrota: folds 
martingebar: folds 
TheodorLo: folds 
Intraneon: raises €0.07 to €0.12
frasein567: folds 
pipinoelbreve9: folds 
Uncalled bet (€0.07) returned to Intraneon
Intraneon collected €0.12 from pot
Intraneon: doesn't show hand 
*** SUMMARY ***
Total pot €0.12 | Rake €0 
Seat 1: Intraneon (button) collected (€0.12)
Seat 2: frasein567 (small blind) folded before Flop
Seat 3: pipinoelbreve9 (big blind) folded before Flop
Seat 4: Paparrota folded before Flop (didn't bet)
Seat 5: martingebar folded before Flop (didn't bet)
Seat 6: TheodorLo folded before Flop (didn't bet)



PokerStars Zoom Hand #259513246332:  Hold'em No Limit (€0.02/€0.05) - 2026/01/29 22:23:55 CET [2026/01/29 16:23:55 ET]
Table 'Asterope' 6-max Seat #1 is the button
Seat 1: pipinoelbreve9 (€5 in chips) 
Seat 2: yogo0707 (€5.25 in chips) 
Seat 3: Angelfs7 (€5.07 in chips) 
Seat 4: Jei72 (€6.28 in chips) 
Seat 5: disears (€2.37 in chips) 
Seat 6: lobitillo (€5.07 in chips) 
yogo0707: posts small blind €0.02
Angelfs7: posts big blind €0.05
*** HOLE CARDS ***
Dealt to pipinoelbreve9 [6h Qd]
Jei72: calls €0.05
disears: folds 
lobitillo: folds 
pipinoelbreve9: folds 
yogo0707: calls €0.03
Angelfs7: checks 
*** FLOP *** [6s Ad 3h]
yogo0707: checks 
Angelfs7: checks 
Jei72: checks 
*** TURN *** [6s Ad 3h] [Jh]
yogo0707: checks 
Angelfs7: checks 
Jei72: checks 
*** RIVER *** [6s Ad 3h Jh] [5d]
yogo0707: checks 
Angelfs7: checks 
Jei72: checks 
*** SHOW DOWN ***
yogo0707: shows [Js Td] (a pair of Jacks)
Angelfs7: shows [As 2h] (a pair of Aces)
Jei72: mucks hand 
Angelfs7 collected €0.14 from pot
*** SUMMARY ***
Total pot €0.15 | Rake €0.01 
Board [6s Ad 3h Jh 5d]
Seat 1: pipinoelbreve9 (button) folded before Flop (didn't bet)
Seat 2: yogo0707 (small blind) showed [Js Td] and lost with a pair of Jacks
Seat 3: Angelfs7 (big blind) showed [As 2h] and won (€0.14) with a pair of Aces
Seat 4: Jei72 mucked [Qs 7s]
Seat 5: disears folded before Flop (didn't bet)
Seat 6: lobitillo folded before Flop (didn't bet)



PokerStars Zoom Hand #259513254748:  Hold'em No Limit (€0.02/€0.05) - 2026/01/29 22:24:29 CET [2026/01/29 16:24:29 ET]
Table 'Asterope' 6-max Seat #1 is the button
Seat 1: Paparrota (€6.75 in chips) 
Seat 2: pipinoelbreve9 (€5 in chips) 
Seat 3: Angelfs7 (€11.26 in chips) 
Seat 4: Crossnar (€9.65 in chips) 
Seat 5: Bertinho Gil (€5.05 in chips) 
Seat 6: disears (€2.25 in chips) 
pipinoelbreve9: posts small blind €0.02
Angelfs7: posts big blind €0.05
*** HOLE CARDS ***
Dealt to pipinoelbreve9 [9d 8s]
Crossnar: folds 
Bertinho Gil: folds 
disears: folds 
Paparrota: folds 
pipinoelbreve9: raises €0.07 to €0.12
Angelfs7: raises €0.34 to €0.46
pipinoelbreve9: folds 
Uncalled bet (€0.34) returned to Angelfs7
Angelfs7 collected €0.24 from pot
Angelfs7: doesn't show hand 
*** SUMMARY ***
Total pot €0.24 | Rake €0 
Seat 1: Paparrota (button) folded before Flop (didn't bet)
Seat 2: pipinoelbreve9 (small blind) folded before Flop
Seat 3: Angelfs7 (big blind) collected (€0.24)
Seat 4: Crossnar folded before Flop (didn't bet)
Seat 5: Bertinho Gil folded before Flop (didn't bet)
Seat 6: disears folded before Flop (didn't bet)



PokerStars Zoom Hand #259513247584:  Hold'em No Limit (€0.02/€0.05) - 2026/01/29 22:24:00 CET [2026/01/29 16:24:00 ET]
Table 'Asterope' 6-max Seat #1 is the button
Seat 1: fernando3768 (€8.47 in chips) 
Seat 2: Aztamuka (€4.80 in chips) 
Seat 3: crevi_066 (€5.27 in chips) 
Seat 4: pipinoelbreve9 (€5 in chips) 
Seat 5: redwoco (€2.19 in chips) 
Seat 6: Intraneon (€9.14 in chips) 
Aztamuka: posts small blind €0.02
crevi_066: posts big blind €0.05
*** HOLE CARDS ***
Dealt to pipinoelbreve9 [Qc Td]
pipinoelbreve9: folds 
redwoco: folds 
Intraneon: folds 
fernando3768: calls €0.05
Aztamuka: calls €0.03
crevi_066: checks 
*** FLOP *** [5s 5h 6h]
Aztamuka: checks 
crevi_066: checks 
fernando3768: bets €0.18
Aztamuka: calls €0.18
crevi_066: folds 
*** TURN *** [5s 5h 6h] [3c]
Aztamuka: checks 
fernando3768: bets €0.36
Aztamuka: calls €0.36
*** RIVER *** [5s 5h 6h 3c] [7c]
Aztamuka: checks 
fernando3768: checks 
*** SHOW DOWN ***
Aztamuka: shows [4c Qs] (a straight, Three to Seven)
fernando3768: mucks hand 
Aztamuka collected €1.17 from pot
*** SUMMARY ***
Total pot €1.23 | Rake €0.06 
Board [5s 5h 6h 3c 7c]
Seat 1: fernando3768 (button) mucked [Ah 9h]
Seat 2: Aztamuka (small blind) showed [4c Qs] and won (€1.17) with a straight, Three to Seven
Seat 3: crevi_066 (big blind) folded on the Flop
Seat 4: pipinoelbreve9 folded before Flop (didn't bet)
Seat 5: redwoco folded before Flop (didn't bet)
Seat 6: Intraneon folded before Flop (didn't bet)



PokerStars Zoom Hand #259513262032:  Hold'em No Limit (€0.02/€0.05) - 2026/01/29 22:24:57 CET [2026/01/29 16:24:57 ET]
Table 'Asterope' 6-max Seat #1 is the button
Seat 1: GleQbenny (€6.75 in chips) 
Seat 2: Angelfs7 (€5.16 in chips) 
Seat 3: nellussus (€15.81 in chips) 
Seat 4: NIHHIL0 (€14.66 in chips) 
Seat 5: redwoco (€2.12 in chips) 
Seat 6: pipinoelbreve9 (€5 in chips) 
Angelfs7: posts small blind €0.02
nellussus: posts big blind €0.05
*** HOLE CARDS ***
Dealt to pipinoelbreve9 [3d 6d]
NIHHIL0: raises €0.07 to €0.12
redwoco: folds 
pipinoelbreve9: folds 
GleQbenny: folds 
Angelfs7: folds 
nellussus: folds 
Uncalled bet (€0.07) returned to NIHHIL0
NIHHIL0 collected €0.12 from pot
NIHHIL0: doesn't show hand 
*** SUMMARY ***
Total pot €0.12 | Rake €0 
Seat 1: GleQbenny (button) folded before Flop (didn't bet)
Seat 2: Angelfs7 (small blind) folded before Flop
Seat 3: nellussus (big blind) folded before Flop
Seat 4: NIHHIL0 collected (€0.12)
Seat 5: redwoco folded before Flop (didn't bet)
Seat 6: pipinoelbreve9 folded before Flop (didn't bet)



PokerStars Zoom Hand #259513263320:  Hold'em No Limit (€0.02/€0.05) - 2026/01/29 22:25:02 CET [2026/01/29 16:25:02 ET]
Table 'Asterope' 6-max Seat #1 is the button
Seat 1: Angelfs7 (€5.14 in chips) 
Seat 2: Crossnar (€14.42 in chips) 
Seat 3: EduPokerItu (€5.43 in chips) 
Seat 4: pipinoelbreve9 (€5 in chips) 
Seat 5: yogo0707 (€5.20 in chips) 
Seat 6: technoboy72 (€9.86 in chips) 
Crossnar: posts small blind €0.02
EduPokerItu: posts big blind €0.05
*** HOLE CARDS ***
Dealt to pipinoelbreve9 [2c As]
pipinoelbreve9: folds 
yogo0707: folds 
technoboy72: folds 
Angelfs7: raises €0.10 to €0.15
Crossnar: raises €0.45 to €0.60
EduPokerItu: folds 
Angelfs7: folds 
Uncalled bet (€0.45) returned to Crossnar
Crossnar collected €0.35 from pot
Crossnar: doesn't show hand 
*** SUMMARY ***
Total pot €0.35 | Rake €0 
Seat 1: Angelfs7 (button) folded before Flop
Seat 2: Crossnar (small blind) collected (€0.35)
Seat 3: EduPokerItu (big blind) folded before Flop
Seat 4: pipinoelbreve9 folded before Flop (didn't bet)
Seat 5: yogo0707 folded before Flop (didn't bet)
Seat 6: technoboy72 folded before Flop (didn't bet)



PokerStars Zoom Hand #259513265018:  Hold'em No Limit (€0.02/€0.05) - 2026/01/29 22:25:08 CET [2026/01/29 16:25:08 ET]
Table 'Asterope' 6-max Seat #1 is the button
Seat 1: pipinoelbreve9 (€5 in chips) 
Seat 2: martingebar (€6.68 in chips) 
Seat 3: Crossnar (€6.86 in chips) 
Seat 4: Nipoquel (€6.35 in chips) 
Seat 5: yogo0707 (€5.20 in chips) 
Seat 6: Jumby34 (€5 in chips) 
martingebar: posts small blind €0.02
Crossnar: posts big blind €0.05
*** HOLE CARDS ***
Dealt to pipinoelbreve9 [8c Ac]
Nipoquel: folds 
yogo0707: folds 
Jumby34: raises €0.05 to €0.10
pipinoelbreve9: raises €0.15 to €0.25
martingebar: folds 
Crossnar: folds 
Jumby34: calls €0.15
*** FLOP *** [5c 9s 7s]
Jumby34: bets €0.46
pipinoelbreve9: calls €0.46
*** TURN *** [5c 9s 7s] [As]
Jumby34: checks 
pipinoelbreve9: checks 
*** RIVER *** [5c 9s 7s As] [7c]
Jumby34: bets €4.29 and is all-in
pipinoelbreve9: calls €4.29 and is all-in
*** SHOW DOWN ***
Jumby34: shows [9d 9c] (a full house, Nines full of Sevens)
pipinoelbreve9: shows [8c Ac] (two pair, Aces and Sevens)
Jumby34 collected €9.57 from pot
*** SUMMARY ***
Total pot €10.07 | Rake €0.50 
Board [5c 9s 7s As 7c]
Seat 1: pipinoelbreve9 (button) showed [8c Ac] and lost with two pair, Aces and Sevens
Seat 2: martingebar (small blind) folded before Flop
Seat 3: Crossnar (big blind) folded before Flop
Seat 4: Nipoquel folded before Flop (didn't bet)
Seat 5: yogo0707 folded before Flop (didn't bet)
Seat 6: Jumby34 showed [9d 9c] and won (€9.57) with a full house, Nines full of Sevens



PokerStars Zoom Hand #259513264321:  Hold'em No Limit (€0.02/€0.05) - 2026/01/29 22:25:05 CET [2026/01/29 16:25:05 ET]
Table 'Asterope' 6-max Seat #1 is the button
Seat 1: najas88 (€6.27 in chips) 
Seat 2: Brais Noron (€5 in chips) 
Seat 3: technoboy72 (€9.86 in chips) 
Seat 4: pipinoelbreve9 (€5 in chips) 
Seat 5: GBEMEMORY42 (€17.34 in chips) 
Seat 6: Xaperegui8 (€9.31 in chips) 
Brais Noron: posts small blind €0.02
technoboy72: posts big blind €0.05
*** HOLE CARDS ***
Dealt to pipinoelbreve9 [3c Jh]
pipinoelbreve9: folds 
GBEMEMORY42: folds 
Xaperegui8: folds 
najas88: raises €0.05 to €0.10
Brais Noron: folds 
technoboy72: calls €0.05
*** FLOP *** [2s Kd Qs]
technoboy72: checks 
najas88: checks 
*** TURN *** [2s Kd Qs] [3s]
technoboy72: checks 
najas88: checks 
*** RIVER *** [2s Kd Qs 3s] [3d]
technoboy72: checks 
najas88: checks 
*** SHOW DOWN ***
technoboy72: shows [Ad 6s] (a pair of Threes)
najas88: mucks hand 
technoboy72 collected €0.21 from pot
*** SUMMARY ***
Total pot €0.22 | Rake €0.01 
Board [2s Kd Qs 3s 3d]
Seat 1: najas88 (button) mucked [Th 8d]
Seat 2: Brais Noron (small blind) folded before Flop
Seat 3: technoboy72 (big blind) showed [Ad 6s] and won (€0.21) with a pair of Threes
Seat 4: pipinoelbreve9 folded before Flop (didn't bet)
Seat 5: GBEMEMORY42 folded before Flop (didn't bet)
Seat 6: Xaperegui8 folded before Flop (didn't bet)



PokerStars Zoom Hand #259513278245:  Hold'em No Limit (€0.02/€0.05) - 2026/01/29 22:26:00 CET [2026/01/29 16:26:00 ET]
Table 'Asterope' 6-max Seat #1 is the button
Seat 1: Jumby34 (€9.57 in chips) 
Seat 2: GBEMEMORY42 (€17.40 in chips) 
Seat 3: pipinoelbreve9 (€5 in chips) 
Seat 4: NIHHIL0 (€14.66 in chips) 
Seat 5: antoo159 (€2.25 in chips) 
Seat 6: yogo0707 (€6.19 in chips) 
GBEMEMORY42: posts small blind €0.02
pipinoelbreve9: posts big blind €0.05
*** HOLE CARDS ***
Dealt to pipinoelbreve9 [3d 8h]
NIHHIL0: folds 
antoo159: folds 
yogo0707: raises €0.07 to €0.12
Jumby34: folds 
GBEMEMORY42: calls €0.10
pipinoelbreve9: folds 
*** FLOP *** [Th 5s 4s]
GBEMEMORY42: checks 
yogo0707: bets €0.09
GBEMEMORY42: folds 
Uncalled bet (€0.09) returned to yogo0707
yogo0707 collected €0.28 from pot
yogo0707: doesn't show hand 
*** SUMMARY ***
Total pot €0.29 | Rake €0.01 
Board [Th 5s 4s]
Seat 1: Jumby34 (button) folded before Flop (didn't bet)
Seat 2: GBEMEMORY42 (small blind) folded on the Flop
Seat 3: pipinoelbreve9 (big blind) folded before Flop
Seat 4: NIHHIL0 folded before Flop (didn't bet)
Seat 5: antoo159 folded before Flop (didn't bet)
Seat 6: yogo0707 collected (€0.28)



PokerStars Zoom Hand #259513281957:  Hold'em No Limit (€0.02/€0.05) - 2026/01/29 22:26:14 CET [2026/01/29 16:26:14 ET]
Table 'Asterope' 6-max Seat #1 is the button
Seat 1: crevi_066 (€5.20 in chips) 
Seat 2: jepad62 (€2 in chips) 
Seat 3: frasein567 (€1.94 in chips) 
Seat 4: PerraTragas (€7.85 in chips) 
Seat 5: pipinoelbreve9 (€5 in chips) 
Seat 6: disears (€2.10 in chips) 
jepad62: posts small blind €0.02
frasein567: posts big blind €0.05
*** HOLE CARDS ***
Dealt to pipinoelbreve9 [Js 7c]
PerraTragas: folds 
pipinoelbreve9: folds 
disears: raises €0.05 to €0.10
crevi_066: folds 
jepad62: folds 
frasein567: folds 
Uncalled bet (€0.05) returned to disears
disears collected €0.12 from pot
disears: doesn't show hand 
*** SUMMARY ***
Total pot €0.12 | Rake €0 
Seat 1: crevi_066 (button) folded before Flop (didn't bet)
Seat 2: jepad62 (small blind) folded before Flop
Seat 3: frasein567 (big blind) folded before Flop
Seat 4: PerraTragas folded before Flop (didn't bet)
Seat 5: pipinoelbreve9 folded before Flop (didn't bet)
Seat 6: disears collected (€0.12)



PokerStars Zoom Hand #259513283225:  Hold'em No Limit (€0.02/€0.05) - 2026/01/29 22:26:20 CET [2026/01/29 16:26:20 ET]
Table 'Asterope' 6-max Seat #1 is the button
Seat 1: yogo0707 (€5.72 in chips) 
Seat 2: Jumby34 (€5.75 in chips) 
Seat 3: PerraTragas (€7.85 in chips) 
Seat 4: chulinho10 (€0.50 in chips) 
Seat 5: NamekWar (€10.52 in chips) 
Seat 6: pipinoelbreve9 (€5 in chips) 
Jumby34: posts small blind €0.02
PerraTragas: posts big blind €0.05
*** HOLE CARDS ***
Dealt to pipinoelbreve9 [Td Kd]
chulinho10: folds 
NamekWar: folds 
pipinoelbreve9: raises €0.07 to €0.12
yogo0707: folds 
Jumby34 has timed out
Jumby34: folds 
PerraTragas: raises €0.36 to €0.48
pipinoelbreve9: folds 
Uncalled bet (€0.36) returned to PerraTragas
PerraTragas collected €0.26 from pot
PerraTragas: doesn't show hand 
*** SUMMARY ***
Total pot €0.26 | Rake €0 
Seat 1: yogo0707 (button) folded before Flop (didn't bet)
Seat 2: Jumby34 (small blind) folded before Flop
Seat 3: PerraTragas (big blind) collected (€0.26)
Seat 4: chulinho10 folded before Flop (didn't bet)
Seat 5: NamekWar folded before Flop (didn't bet)
Seat 6: pipinoelbreve9 folded before Flop



PokerStars Zoom Hand #259513296495:  Hold'em No Limit (€0.02/€0.05) - 2026/01/29 22:27:11 CET [2026/01/29 16:27:11 ET]
Table 'Asterope' 6-max Seat #1 is the button
Seat 1: el_heniek (€3.57 in chips) 
Seat 2: yogo0707 (€5.20 in chips) 
Seat 3: LeX_SM21 (€2.83 in chips) 
Seat 4: technoboy72 (€9.78 in chips) 
Seat 5: pipinoelbreve9 (€5 in chips) 
Seat 6: LEXTORMUR (€4.13 in chips) 
yogo0707: posts small blind €0.02
LeX_SM21: posts big blind €0.05
*** HOLE CARDS ***
Dealt to pipinoelbreve9 [As 7c]
technoboy72: raises €0.10 to €0.15
pipinoelbreve9: folds 
LEXTORMUR: folds 
el_heniek: folds 
yogo0707: folds 
LeX_SM21: folds 
Uncalled bet (€0.10) returned to technoboy72
technoboy72 collected €0.12 from pot
technoboy72: doesn't show hand 
*** SUMMARY ***
Total pot €0.12 | Rake €0 
Seat 1: el_heniek (button) folded before Flop (didn't bet)
Seat 2: yogo0707 (small blind) folded before Flop
Seat 3: LeX_SM21 (big blind) folded before Flop
Seat 4: technoboy72 collected (€0.12)
Seat 5: pipinoelbreve9 folded before Flop (didn't bet)
Seat 6: LEXTORMUR folded before Flop (didn't bet)



PokerStars Zoom Hand #259513295313:  Hold'em No Limit (€0.02/€0.05) - 2026/01/29 22:27:07 CET [2026/01/29 16:27:07 ET]
Table 'Asterope' 6-max Seat #1 is the button
Seat 1: martingebar (€7.05 in chips) 
Seat 2: pipinoelbreve9 (€5 in chips) 
Seat 3: Intraneon (€8.21 in chips) 
Seat 4: Angelfs7 (€11.45 in chips) 
Seat 5: Jumby34 (€9.57 in chips) 
Seat 6: Xaperegui8 (€7.75 in chips) 
pipinoelbreve9: posts small blind €0.02
Intraneon: posts big blind €0.05
*** HOLE CARDS ***
Dealt to pipinoelbreve9 [5d 4h]
Angelfs7: folds 
Jumby34: raises €0.10 to €0.15
Xaperegui8: folds 
martingebar: folds 
pipinoelbreve9: folds 
Intraneon: folds 
Uncalled bet (€0.10) returned to Jumby34
Jumby34 collected €0.12 from pot
Jumby34: doesn't show hand 
*** SUMMARY ***
Total pot €0.12 | Rake €0 
Seat 1: martingebar (button) folded before Flop (didn't bet)
Seat 2: pipinoelbreve9 (small blind) folded before Flop
Seat 3: Intraneon (big blind) folded before Flop
Seat 4: Angelfs7 folded before Flop (didn't bet)
Seat 5: Jumby34 collected (€0.12)
Seat 6: Xaperegui8 folded before Flop (didn't bet)



PokerStars Zoom Hand #259513298876:  Hold'em No Limit (€0.02/€0.05) - 2026/01/29 22:27:21 CET [2026/01/29 16:27:21 ET]
Table 'Asterope' 6-max Seat #1 is the button
Seat 1: pipinoelbreve9 (€5 in chips) 
Seat 2: el_heniek (€3.57 in chips) 
Seat 3: LEXTORMUR (€4.13 in chips) 
Seat 4: kokks2 (€5.97 in chips) 
Seat 5: Sophistês (€8.89 in chips) 
Seat 6: technoboy72 (€6.03 in chips) 
el_heniek: posts small blind €0.02
LEXTORMUR: posts big blind €0.05
*** HOLE CARDS ***
Dealt to pipinoelbreve9 [7h 4d]
kokks2: folds 
Sophistês: folds 
technoboy72: folds 
pipinoelbreve9: folds 
el_heniek: raises €0.10 to €0.15
LEXTORMUR: folds 
Uncalled bet (€0.10) returned to el_heniek
el_heniek collected €0.10 from pot
el_heniek: doesn't show hand 
*** SUMMARY ***
Total pot €0.10 | Rake €0 
Seat 1: pipinoelbreve9 (button) folded before Flop (didn't bet)
Seat 2: el_heniek (small blind) collected (€0.10)
Seat 3: LEXTORMUR (big blind) folded before Flop
Seat 4: kokks2 folded before Flop (didn't bet)
Seat 5: Sophistês folded before Flop (didn't bet)
Seat 6: technoboy72 folded before Flop (didn't bet)



PokerStars Zoom Hand #259513297763:  Hold'em No Limit (€0.02/€0.05) - 2026/01/29 22:27:16 CET [2026/01/29 16:27:16 ET]
Table 'Asterope' 6-max Seat #1 is the button
Seat 1: Nipoquel (€6.38 in chips) 
Seat 2: pipinoelbreve9 (€5 in chips) 
Seat 3: najas88 (€4.92 in chips) 
Seat 4: onlinetuga (€12.10 in chips) 
Seat 5: Nimed (€10.70 in chips) 
Seat 6: vayewis (€5.81 in chips) 
pipinoelbreve9: posts small blind €0.02
najas88: posts big blind €0.05
*** HOLE CARDS ***
Dealt to pipinoelbreve9 [Qs 2c]
onlinetuga: raises €0.05 to €0.10
Nimed: folds 
vayewis: folds 
Nipoquel: raises €0.10 to €0.20
pipinoelbreve9: folds 
najas88 has timed out
najas88: folds 
onlinetuga: calls €0.10
*** FLOP *** [9h 8s 2h]
onlinetuga: checks 
Nipoquel: bets €2.90
onlinetuga: folds 
Uncalled bet (€2.90) returned to Nipoquel
Nipoquel collected €0.45 from pot
Nipoquel: doesn't show hand 
*** SUMMARY ***
Total pot €0.47 | Rake €0.02 
Board [9h 8s 2h]
Seat 1: Nipoquel (button) collected (€0.45)
Seat 2: pipinoelbreve9 (small blind) folded before Flop
Seat 3: najas88 (big blind) folded before Flop
Seat 4: onlinetuga folded on the Flop
Seat 5: Nimed folded before Flop (didn't bet)
Seat 6: vayewis folded before Flop (didn't bet)



PokerStars Zoom Hand #259513303476:  Hold'em No Limit (€0.02/€0.05) - 2026/01/29 22:27:39 CET [2026/01/29 16:27:39 ET]
Table 'Asterope' 6-max Seat #1 is the button
Seat 1: Jumby34 (€5 in chips) 
Seat 2: NamekWar (€10.85 in chips) 
Seat 3: Noray123 (€5 in chips) 
Seat 4: TheodorLo (€2.08 in chips) 
Seat 5: pipinoelbreve9 (€5 in chips) 
Seat 6: redwoco (€2 in chips) 
NamekWar: posts small blind €0.02
Noray123: posts big blind €0.05
*** HOLE CARDS ***
Dealt to pipinoelbreve9 [9d Qc]
TheodorLo: folds 
pipinoelbreve9: folds 
redwoco: folds 
Jumby34: folds 
NamekWar: folds 
Uncalled bet (€0.03) returned to Noray123
Noray123 collected €0.04 from pot
Noray123: doesn't show hand 
*** SUMMARY ***
Total pot €0.04 | Rake €0 
Seat 1: Jumby34 (button) folded before Flop (didn't bet)
Seat 2: NamekWar (small blind) folded before Flop
Seat 3: Noray123 (big blind) collected (€0.04)
Seat 4: TheodorLo folded before Flop (didn't bet)
Seat 5: pipinoelbreve9 folded before Flop (didn't bet)
Seat 6: redwoco folded before Flop (didn't bet)



PokerStars Zoom Hand #259513299586:  Hold'em No Limit (€0.02/€0.05) - 2026/01/29 22:27:24 CET [2026/01/29 16:27:24 ET]
Table 'Asterope' 6-max Seat #1 is the button
Seat 1: LeX_SM21 (€2.78 in chips) 
Seat 2: kokks2 (€5.97 in chips) 
Seat 3: pipinoelbreve9 (€5 in chips) 
Seat 4: frasein567 (€5 in chips) 
Seat 5: chulinho10 (€4.93 in chips) 
Seat 6: Angelfs7 (€5 in chips) 
kokks2: posts small blind €0.02
pipinoelbreve9: posts big blind €0.05
*** HOLE CARDS ***
Dealt to pipinoelbreve9 [2d As]
frasein567: folds 
chulinho10: raises €0.10 to €0.15
Angelfs7: calls €0.15
LeX_SM21: folds 
kokks2: folds 
pipinoelbreve9: folds 
*** FLOP *** [Qc 9h Ks]
chulinho10: checks 
Angelfs7: checks 
*** TURN *** [Qc 9h Ks] [7h]
chulinho10: bets €0.18
Angelfs7: calls €0.18
*** RIVER *** [Qc 9h Ks 7h] [3d]
chulinho10: bets €0.69
Angelfs7: folds 
Uncalled bet (€0.69) returned to chulinho10
chulinho10 collected €0.69 from pot
chulinho10: doesn't show hand 
*** SUMMARY ***
Total pot €0.73 | Rake €0.04 
Board [Qc 9h Ks 7h 3d]
Seat 1: LeX_SM21 (button) folded before Flop (didn't bet)
Seat 2: kokks2 (small blind) folded before Flop
Seat 3: pipinoelbreve9 (big blind) folded before Flop
Seat 4: frasein567 folded before Flop (didn't bet)
Seat 5: chulinho10 collected (€0.69)
Seat 6: Angelfs7 folded on the River



PokerStars Zoom Hand #259513304643:  Hold'em No Limit (€0.02/€0.05) - 2026/01/29 22:27:43 CET [2026/01/29 16:27:43 ET]
Table 'Asterope' 6-max Seat #1 is the button
Seat 1: pipinoelbreve9 (€5 in chips) 
Seat 2: Nimed (€5.11 in chips) 
Seat 3: kokks2 (€5.95 in chips) 
Seat 4: redwoco (€2 in chips) 
Seat 5: luiscosta82 (€5.28 in chips) 
Seat 6: GBEMEMORY42 (€17.20 in chips) 
Nimed: posts small blind €0.02
kokks2: posts big blind €0.05
*** HOLE CARDS ***
Dealt to pipinoelbreve9 [5h Kh]
redwoco: folds 
luiscosta82: folds 
GBEMEMORY42: folds 
pipinoelbreve9: raises €0.07 to €0.12
Nimed: folds 
kokks2: folds 
Uncalled bet (€0.07) returned to pipinoelbreve9
pipinoelbreve9 collected €0.12 from pot
pipinoelbreve9: doesn't show hand 
*** SUMMARY ***
Total pot €0.12 | Rake €0 
Seat 1: pipinoelbreve9 (button) collected (€0.12)
Seat 2: Nimed (small blind) folded before Flop
Seat 3: kokks2 (big blind) folded before Flop
Seat 4: redwoco folded before Flop (didn't bet)
Seat 5: luiscosta82 folded before Flop (didn't bet)
Seat 6: GBEMEMORY42 folded before Flop (didn't bet)



PokerStars Zoom Hand #259513302274:  Hold'em No Limit (€0.02/€0.05) - 2026/01/29 22:27:34 CET [2026/01/29 16:27:34 ET]
Table 'Asterope' 6-max Seat #1 is the button
Seat 1: NamekWar (€10.85 in chips) 
Seat 2: LEXTORMUR (€4.08 in chips) 
Seat 3: Crossnar (€14.48 in chips) 
Seat 4: pokerwin86 (€5.69 in chips) 
Seat 5: PauloATDias (€8.24 in chips) 
Seat 6: pipinoelbreve9 (€5 in chips) 
LEXTORMUR: posts small blind €0.02
Crossnar: posts big blind €0.05
*** HOLE CARDS ***
Dealt to pipinoelbreve9 [Th 2c]
pokerwin86: folds 
PauloATDias: folds 
pipinoelbreve9: folds 
NamekWar: folds 
LEXTORMUR: calls €0.03
Crossnar: checks 
*** FLOP *** [7h 7c 4c]
LEXTORMUR: checks 
Crossnar: checks 
*** TURN *** [7h 7c 4c] [Qc]
LEXTORMUR: checks 
Crossnar: checks 
*** RIVER *** [7h 7c 4c Qc] [As]
LEXTORMUR: checks 
Crossnar: bets €0.05
LEXTORMUR: folds 
Uncalled bet (€0.05) returned to Crossnar
Crossnar collected €0.10 from pot
Crossnar: doesn't show hand 
*** SUMMARY ***
Total pot €0.10 | Rake €0 
Board [7h 7c 4c Qc As]
Seat 1: NamekWar (button) folded before Flop (didn't bet)
Seat 2: LEXTORMUR (small blind) folded on the River
Seat 3: Crossnar (big blind) collected (€0.10)
Seat 4: pokerwin86 folded before Flop (didn't bet)
Seat 5: PauloATDias folded before Flop (didn't bet)
Seat 6: pipinoelbreve9 folded before Flop (didn't bet)



PokerStars Zoom Hand #259513313474:  Hold'em No Limit (€0.02/€0.05) - 2026/01/29 22:28:18 CET [2026/01/29 16:28:18 ET]
Table 'Asterope' 6-max Seat #1 is the button
Seat 1: jepad62 (€2 in chips) 
Seat 2: zz3phyr (€5.37 in chips) 
Seat 3: nellussus (€15.34 in chips) 
Seat 4: najas88 (€4.50 in chips) 
Seat 5: pipinoelbreve9 (€5.05 in chips) 
Seat 6: Crossnar (€8.79 in chips) 
zz3phyr: posts small blind €0.02
nellussus: posts big blind €0.05
*** HOLE CARDS ***
Dealt to pipinoelbreve9 [7d Qd]
najas88: folds 
pipinoelbreve9: folds 
Crossnar: folds 
jepad62: folds 
zz3phyr: folds 
Uncalled bet (€0.03) returned to nellussus
nellussus collected €0.04 from pot
nellussus: doesn't show hand 
*** SUMMARY ***
Total pot €0.04 | Rake €0 
Seat 1: jepad62 (button) folded before Flop (didn't bet)
Seat 2: zz3phyr (small blind) folded before Flop
Seat 3: nellussus (big blind) collected (€0.04)
Seat 4: najas88 folded before Flop (didn't bet)
Seat 5: pipinoelbreve9 folded before Flop (didn't bet)
Seat 6: Crossnar folded before Flop (didn't bet)



PokerStars Zoom Hand #259513315610:  Hold'em No Limit (€0.02/€0.05) - 2026/01/29 22:28:26 CET [2026/01/29 16:28:26 ET]
Table 'Asterope' 6-max Seat #1 is the button
Seat 1: LEXTORMUR (€4 in chips) 
Seat 2: saint-imier (€5.96 in chips) 
Seat 3: pipinoelbreve9 (€5.05 in chips) 
Seat 4: Dovene11 (€5.42 in chips) 
Seat 5: technoboy72 (€9.73 in chips) 
Seat 6: NIHHIL0 (€6.58 in chips) 
saint-imier: posts small blind €0.02
pipinoelbreve9: posts big blind €0.05
*** HOLE CARDS ***
Dealt to pipinoelbreve9 [Jh Ts]
Dovene11: folds 
technoboy72: folds 
NIHHIL0: folds 
LEXTORMUR: folds 
saint-imier: folds 
Uncalled bet (€0.03) returned to pipinoelbreve9
pipinoelbreve9 collected €0.04 from pot
pipinoelbreve9: doesn't show hand 
*** SUMMARY ***
Total pot €0.04 | Rake €0 
Seat 1: LEXTORMUR (button) folded before Flop (didn't bet)
Seat 2: saint-imier (small blind) folded before Flop
Seat 3: pipinoelbreve9 (big blind) collected (€0.04)
Seat 4: Dovene11 folded before Flop (didn't bet)
Seat 5: technoboy72 folded before Flop (didn't bet)
Seat 6: NIHHIL0 folded before Flop (didn't bet)



PokerStars Zoom Hand #259513312196:  Hold'em No Limit (€0.02/€0.05) - 2026/01/29 22:28:13 CET [2026/01/29 16:28:13 ET]
Table 'Asterope' 6-max Seat #1 is the button
Seat 1: Brais Noron (€5.07 in chips) 
Seat 2: pipinoelbreve9 (€5.07 in chips) 
Seat 3: fernando3768 (€8.41 in chips) 
Seat 4: chulinho10 (€5.29 in chips) 
Seat 5: antoo159 (€4.38 in chips) 
Seat 6: kaly666666 (€0.32 in chips) 
pipinoelbreve9: posts small blind €0.02
fernando3768: posts big blind €0.05
*** HOLE CARDS ***
Dealt to pipinoelbreve9 [4s 7d]
chulinho10: folds 
antoo159: raises €0.10 to €0.15
kaly666666: folds 
Brais Noron: calls €0.15
pipinoelbreve9: folds 
fernando3768: calls €0.10
*** FLOP *** [7h As Ks]
fernando3768: checks 
antoo159: checks 
Brais Noron: bets €0.18
fernando3768: folds 
antoo159: folds 
Uncalled bet (€0.18) returned to Brais Noron
Brais Noron collected €0.45 from pot
Brais Noron: doesn't show hand 
*** SUMMARY ***
Total pot €0.47 | Rake €0.02 
Board [7h As Ks]
Seat 1: Brais Noron (button) collected (€0.45)
Seat 2: pipinoelbreve9 (small blind) folded before Flop
Seat 3: fernando3768 (big blind) folded on the Flop
Seat 4: chulinho10 folded before Flop (didn't bet)
Seat 5: antoo159 folded on the Flop
Seat 6: kaly666666 folded before Flop (didn't bet)



PokerStars Zoom Hand #259513318585:  Hold'em No Limit (€0.02/€0.05) - 2026/01/29 22:28:38 CET [2026/01/29 16:28:38 ET]
Table 'Asterope' 6-max Seat #1 is the button
Seat 1: EduPokerItu (€6.91 in chips) 
Seat 2: txiskius (€9.39 in chips) 
Seat 3: moi66240 (€2.54 in chips) 
Seat 4: pipinoelbreve9 (€5.07 in chips) 
Seat 5: Sophistês (€8.93 in chips) 
Seat 6: zz3phyr (€5.35 in chips) 
txiskius: posts small blind €0.02
moi66240: posts big blind €0.05
*** HOLE CARDS ***
Dealt to pipinoelbreve9 [Jc 5h]
pipinoelbreve9: folds 
Sophistês: folds 
zz3phyr: folds 
EduPokerItu: folds 
txiskius: folds 
Uncalled bet (€0.03) returned to moi66240
moi66240 collected €0.04 from pot
moi66240: doesn't show hand 
*** SUMMARY ***
Total pot €0.04 | Rake €0 
Seat 1: EduPokerItu (button) folded before Flop (didn't bet)
Seat 2: txiskius (small blind) folded before Flop
Seat 3: moi66240 (big blind) collected (€0.04)
Seat 4: pipinoelbreve9 folded before Flop (didn't bet)
Seat 5: Sophistês folded before Flop (didn't bet)
Seat 6: zz3phyr folded before Flop (didn't bet)



PokerStars Zoom Hand #259513320618:  Hold'em No Limit (€0.02/€0.05) - 2026/01/29 22:28:46 CET [2026/01/29 16:28:46 ET]
Table 'Asterope' 6-max Seat #1 is the button
Seat 1: pipinoelbreve9 (€5.07 in chips) 
Seat 2: Jumby34 (€5.13 in chips) 
Seat 3: Serji24 (€1.18 in chips) 
Seat 4: kokks2 (€5.97 in chips) 
Seat 5: txiskius (€9.37 in chips) 
Seat 6: el_heniek (€4.27 in chips) 
Jumby34: posts small blind €0.02
Serji24: posts big blind €0.05
*** HOLE CARDS ***
Dealt to pipinoelbreve9 [9h 7d]
kokks2: folds 
txiskius: folds 
el_heniek: folds 
pipinoelbreve9: folds 
Jumby34: folds 
Uncalled bet (€0.03) returned to Serji24
Serji24 collected €0.04 from pot
Serji24: doesn't show hand 
*** SUMMARY ***
Total pot €0.04 | Rake €0 
Seat 1: pipinoelbreve9 (button) folded before Flop (didn't bet)
Seat 2: Jumby34 (small blind) folded before Flop
Seat 3: Serji24 (big blind) collected (€0.04)
Seat 4: kokks2 folded before Flop (didn't bet)
Seat 5: txiskius folded before Flop (didn't bet)
Seat 6: el_heniek folded before Flop (didn't bet)



PokerStars Zoom Hand #259513319581:  Hold'em No Limit (€0.02/€0.05) - 2026/01/29 22:28:42 CET [2026/01/29 16:28:42 ET]
Table 'Asterope' 6-max Seat #1 is the button
Seat 1: Sophistês (€8.93 in chips) 
Seat 2: fernando3768 (€1.60 in chips) 
Seat 3: EduPokerItu (€6.91 in chips) 
Seat 4: yogo0707 (€5.56 in chips) 
Seat 5: martingebar (€8.98 in chips) 
Seat 6: pipinoelbreve9 (€5.07 in chips) 
fernando3768: posts small blind €0.02
EduPokerItu: posts big blind €0.05
*** HOLE CARDS ***
Dealt to pipinoelbreve9 [4d Ks]
yogo0707: folds 
martingebar: raises €0.10 to €0.15
pipinoelbreve9: folds 
Sophistês: raises €0.30 to €0.45
fernando3768: folds 
EduPokerItu: folds 
martingebar: calls €0.30
*** FLOP *** [Jh Th 7h]
martingebar: checks 
Sophistês: checks 
*** TURN *** [Jh Th 7h] [Kh]
martingebar: checks 
Sophistês: checks 
*** RIVER *** [Jh Th 7h Kh] [2d]
martingebar: bets €0.37
Sophistês: folds 
Uncalled bet (€0.37) returned to martingebar
martingebar collected €0.92 from pot
martingebar: doesn't show hand 
*** SUMMARY ***
Total pot €0.97 | Rake €0.05 
Board [Jh Th 7h Kh 2d]
Seat 1: Sophistês (button) folded on the River
Seat 2: fernando3768 (small blind) folded before Flop
Seat 3: EduPokerItu (big blind) folded before Flop
Seat 4: yogo0707 folded before Flop (didn't bet)
Seat 5: martingebar collected (€0.92)
Seat 6: pipinoelbreve9 folded before Flop (didn't bet)



PokerStars Zoom Hand #259513322297:  Hold'em No Limit (€0.02/€0.05) - 2026/01/29 22:28:53 CET [2026/01/29 16:28:53 ET]
Table 'Asterope' 6-max Seat #1 is the button
Seat 1: Jumby34 (€5.11 in chips) 
Seat 2: Leizoo (€20.74 in chips) 
Seat 3: onlinetuga (€11.83 in chips) 
Seat 4: pipinoelbreve9 (€5.07 in chips) 
Seat 5: EronMobius (€6.19 in chips) 
Seat 6: Jei72 (€5.77 in chips) 
Leizoo: posts small blind €0.02
onlinetuga: posts big blind €0.05
*** HOLE CARDS ***
Dealt to pipinoelbreve9 [7h Ks]
pipinoelbreve9: folds 
EronMobius: folds 
Jei72: folds 
Jumby34: raises €0.10 to €0.15
Leizoo: calls €0.13
onlinetuga: calls €0.10
*** FLOP *** [7s 4c 3s]
Leizoo: bets €0.43
onlinetuga: calls €0.43
Jumby34: folds 
*** TURN *** [7s 4c 3s] [9h]
Leizoo: bets €1.24
onlinetuga: calls €1.24
*** RIVER *** [7s 4c 3s 9h] [5s]
Leizoo: bets €3.60
onlinetuga: raises €6.41 to €10.01 and is all-in
Leizoo: calls €6.41
*** SHOW DOWN ***
onlinetuga: shows [8s 9s] (a flush, Nine high)
Leizoo: shows [6s Qd] (a straight, Three to Seven)
onlinetuga collected €23.11 from pot
*** SUMMARY ***
Total pot €23.81 | Rake €0.70 
Board [7s 4c 3s 9h 5s]
Seat 1: Jumby34 (button) folded on the Flop
Seat 2: Leizoo (small blind) showed [6s Qd] and lost with a straight, Three to Seven
Seat 3: onlinetuga (big blind) showed [8s 9s] and won (€23.11) with a flush, Nine high
Seat 4: pipinoelbreve9 folded before Flop (didn't bet)
Seat 5: EronMobius folded before Flop (didn't bet)
Seat 6: Jei72 folded before Flop (didn't bet)



PokerStars Zoom Hand #259513323606:  Hold'em No Limit (€0.02/€0.05) - 2026/01/29 22:28:58 CET [2026/01/29 16:28:58 ET]
Table 'Asterope' 6-max Seat #1 is the button
Seat 1: Nimed (€10.65 in chips) 
Seat 2: EronMobius (€6.19 in chips) 
Seat 3: pipinoelbreve9 (€5.07 in chips) 
Seat 4: el_heniek (€7.02 in chips) 
Seat 5: Bertinho Gil (€5 in chips) 
Seat 6: Intraneon (€8.09 in chips) 
EronMobius: posts small blind €0.02
pipinoelbreve9: posts big blind €0.05
*** HOLE CARDS ***
Dealt to pipinoelbreve9 [Ac Qh]
el_heniek: folds 
Bertinho Gil: folds 
Intraneon: folds 
Nimed: raises €0.07 to €0.12
EronMobius: calls €0.10
pipinoelbreve9: raises €0.53 to €0.65
Nimed: folds 
EronMobius: calls €0.53
*** FLOP *** [8s Th Kc]
EronMobius: checks 
pipinoelbreve9: bets €0.45
EronMobius: calls €0.45
*** TURN *** [8s Th Kc] [8h]
EronMobius: checks 
pipinoelbreve9: checks 
*** RIVER *** [8s Th Kc 8h] [Ts]
EronMobius: bets €0.75
pipinoelbreve9: calls €0.75
*** SHOW DOWN ***
EronMobius: shows [Kd Jd] (two pair, Kings and Tens)
pipinoelbreve9: mucks hand 
EronMobius collected €3.63 from pot
*** SUMMARY ***
Total pot €3.82 | Rake €0.19 
Board [8s Th Kc 8h Ts]
Seat 1: Nimed (button) folded before Flop
Seat 2: EronMobius (small blind) showed [Kd Jd] and won (€3.63) with two pair, Kings and Tens
Seat 3: pipinoelbreve9 (big blind) mucked [Ac Qh]
Seat 4: el_heniek folded before Flop (didn't bet)
Seat 5: Bertinho Gil folded before Flop (didn't bet)
Seat 6: Intraneon folded before Flop (didn't bet)



PokerStars Zoom Hand #259513339860:  Hold'em No Limit (€0.02/€0.05) - 2026/01/29 22:30:01 CET [2026/01/29 16:30:01 ET]
Table 'Asterope' 6-max Seat #1 is the button
Seat 1: Aztamuka (€5.57 in chips) 
Seat 2: prouchte (€7.22 in chips) 
Seat 3: luiscosta82 (€5.07 in chips) 
Seat 4: nellussus (€5.19 in chips) 
Seat 5: pipinoelbreve9 (€5 in chips) 
Seat 6: Elrubik09 (€6.52 in chips) 
prouchte: posts small blind €0.02
luiscosta82: posts big blind €0.05
*** HOLE CARDS ***
Dealt to pipinoelbreve9 [6s 5s]
nellussus: folds 
pipinoelbreve9: raises €0.07 to €0.12
Elrubik09: raises €0.31 to €0.43
Aztamuka: folds 
prouchte: folds 
luiscosta82: folds 
pipinoelbreve9: raises €0.93 to €1.36
Elrubik09: folds 
Uncalled bet (€0.93) returned to pipinoelbreve9
pipinoelbreve9 collected €0.93 from pot
pipinoelbreve9: doesn't show hand 
*** SUMMARY ***
Total pot €0.93 | Rake €0 
Seat 1: Aztamuka (button) folded before Flop (didn't bet)
Seat 2: prouchte (small blind) folded before Flop
Seat 3: luiscosta82 (big blind) folded before Flop
Seat 4: nellussus folded before Flop (didn't bet)
Seat 5: pipinoelbreve9 collected (€0.93)
Seat 6: Elrubik09 folded before Flop



PokerStars Zoom Hand #259513346526:  Hold'em No Limit (€0.02/€0.05) - 2026/01/29 22:30:28 CET [2026/01/29 16:30:28 ET]
Table 'Asterope' 6-max Seat #1 is the button
Seat 1: pipinoelbreve9 (€5.48 in chips) 
Seat 2: najas88 (€6.47 in chips) 
Seat 3: titus&mus (€4.68 in chips) 
Seat 4: NIHHIL0 (€5 in chips) 
Seat 5: Dragusin (€5.04 in chips) 
Seat 6: redwoco (€2 in chips) 
najas88: posts small blind €0.02
titus&mus: posts big blind €0.05
*** HOLE CARDS ***
Dealt to pipinoelbreve9 [Ah 7s]
NIHHIL0: folds 
Dragusin: folds 
redwoco: raises €0.20 to €0.25
pipinoelbreve9: folds 
najas88: folds 
titus&mus: calls €0.20
*** FLOP *** [Tc 6d 3h]
titus&mus: checks 
redwoco: bets €0.37
titus&mus: folds 
Uncalled bet (€0.37) returned to redwoco
redwoco collected €0.49 from pot
redwoco: doesn't show hand 
*** SUMMARY ***
Total pot €0.52 | Rake €0.03 
Board [Tc 6d 3h]
Seat 1: pipinoelbreve9 (button) folded before Flop (didn't bet)
Seat 2: najas88 (small blind) folded before Flop
Seat 3: titus&mus (big blind) folded on the Flop
Seat 4: NIHHIL0 folded before Flop (didn't bet)
Seat 5: Dragusin folded before Flop (didn't bet)
Seat 6: redwoco collected (€0.49)



PokerStars Zoom Hand #259513345696:  Hold'em No Limit (€0.02/€0.05) - 2026/01/29 22:30:24 CET [2026/01/29 16:30:24 ET]
Table 'Asterope' 6-max Seat #1 is the button
Seat 1: valls1000 (€3.85 in chips) 
Seat 2: pipinoelbreve9 (€5.50 in chips) 
Seat 3: PerraTragas (€6.78 in chips) 
Seat 4: saint-imier (€5.84 in chips) 
Seat 5: GleQbenny (€6.81 in chips) 
Seat 6: MagicThot422 (€5 in chips) 
pipinoelbreve9: posts small blind €0.02
PerraTragas: posts big blind €0.05
*** HOLE CARDS ***
Dealt to pipinoelbreve9 [3c Ks]
saint-imier: folds 
GleQbenny: folds 
MagicThot422: folds 
valls1000: calls €0.05
pipinoelbreve9: folds 
PerraTragas: checks 
*** FLOP *** [9d 6h Ah]
PerraTragas: checks 
valls1000: bets €0.06
PerraTragas: folds 
Uncalled bet (€0.06) returned to valls1000
valls1000 collected €0.11 from pot
valls1000: doesn't show hand 
*** SUMMARY ***
Total pot €0.12 | Rake €0.01 
Board [9d 6h Ah]
Seat 1: valls1000 (button) collected (€0.11)
Seat 2: pipinoelbreve9 (small blind) folded before Flop
Seat 3: PerraTragas (big blind) folded on the Flop
Seat 4: saint-imier folded before Flop (didn't bet)
Seat 5: GleQbenny folded before Flop (didn't bet)
Seat 6: MagicThot422 folded before Flop (didn't bet)



PokerStars Zoom Hand #259513354048:  Hold'em No Limit (€0.02/€0.05) - 2026/01/29 22:30:57 CET [2026/01/29 16:30:57 ET]
Table 'Asterope' 6-max Seat #1 is the button
Seat 1: Intraneon (€5 in chips) 
Seat 2: zz3phyr (€5.10 in chips) 
Seat 3: najas88 (€6.45 in chips) 
Seat 4: LEXTORMUR (€4.65 in chips) 
Seat 5: pipinoelbreve9 (€5.48 in chips) 
Seat 6: NIHHIL0 (€8.84 in chips) 
zz3phyr: posts small blind €0.02
najas88: posts big blind €0.05
*** HOLE CARDS ***
Dealt to pipinoelbreve9 [9c 9d]
LEXTORMUR: folds 
pipinoelbreve9: raises €0.07 to €0.12
NIHHIL0: folds 
Intraneon: folds 
zz3phyr: folds 
najas88: folds 
Uncalled bet (€0.07) returned to pipinoelbreve9
pipinoelbreve9 collected €0.12 from pot
pipinoelbreve9: doesn't show hand 
*** SUMMARY ***
Total pot €0.12 | Rake €0 
Seat 1: Intraneon (button) folded before Flop (didn't bet)
Seat 2: zz3phyr (small blind) folded before Flop
Seat 3: najas88 (big blind) folded before Flop
Seat 4: LEXTORMUR folded before Flop (didn't bet)
Seat 5: pipinoelbreve9 collected (€0.12)
Seat 6: NIHHIL0 folded before Flop (didn't bet)



PokerStars Zoom Hand #259513349479:  Hold'em No Limit (€0.02/€0.05) - 2026/01/29 22:30:39 CET [2026/01/29 16:30:39 ET]
Table 'Asterope' 6-max Seat #1 is the button
Seat 1: NEIG (€3.68 in chips) 
Seat 2: Jumby34 (€5.14 in chips) 
Seat 3: saint-imier (€5.84 in chips) 
Seat 4: Cathaysanauz (€5 in chips) 
Seat 5: Asthairix (€5 in chips) 
Seat 6: pipinoelbreve9 (€5.48 in chips) 
Jumby34: posts small blind €0.02
saint-imier: posts big blind €0.05
*** HOLE CARDS ***
Dealt to pipinoelbreve9 [Js 6d]
Cathaysanauz: folds 
Asthairix: folds 
pipinoelbreve9: folds 
NEIG: calls €0.05
Jumby34: folds 
saint-imier: checks 
*** FLOP *** [6c 7c Kd]
saint-imier: bets €0.05
NEIG: calls €0.05
*** TURN *** [6c 7c Kd] [9s]
saint-imier: bets €0.05
NEIG: calls €0.05
*** RIVER *** [6c 7c Kd 9s] [2s]
saint-imier: bets €0.05
NEIG: calls €0.05
*** SHOW DOWN ***
saint-imier: shows [Kh 3h] (a pair of Kings)
NEIG: mucks hand 
saint-imier collected €0.40 from pot
*** SUMMARY ***
Total pot €0.42 | Rake €0.02 
Board [6c 7c Kd 9s 2s]
Seat 1: NEIG (button) mucked [As Qh]
Seat 2: Jumby34 (small blind) folded before Flop
Seat 3: saint-imier (big blind) showed [Kh 3h] and won (€0.40) with a pair of Kings
Seat 4: Cathaysanauz folded before Flop (didn't bet)
Seat 5: Asthairix folded before Flop (didn't bet)
Seat 6: pipinoelbreve9 folded before Flop (didn't bet)



PokerStars Zoom Hand #259513352852:  Hold'em No Limit (€0.02/€0.05) - 2026/01/29 22:30:52 CET [2026/01/29 16:30:52 ET]
Table 'Asterope' 6-max Seat #1 is the button
Seat 1: LEXTORMUR (€4.65 in chips) 
Seat 2: aaboga (€10 in chips) 
Seat 3: el_heniek (€5.34 in chips) 
Seat 4: pipinoelbreve9 (€5.48 in chips) 
Seat 5: yogo0707 (€6.12 in chips) 
Seat 6: technoboy72 (€9.81 in chips) 
aaboga: posts small blind €0.02
el_heniek: posts big blind €0.05
*** HOLE CARDS ***
Dealt to pipinoelbreve9 [Ad 4s]
pipinoelbreve9: folds 
yogo0707: raises €0.07 to €0.12
technoboy72: folds 
LEXTORMUR: folds 
aaboga: folds 
el_heniek: calls €0.07
*** FLOP *** [Td Jd 8c]
el_heniek: checks 
yogo0707: bets €0.15
el_heniek: folds 
Uncalled bet (€0.15) returned to yogo0707
yogo0707 collected €0.25 from pot
yogo0707: doesn't show hand 
*** SUMMARY ***
Total pot €0.26 | Rake €0.01 
Board [Td Jd 8c]
Seat 1: LEXTORMUR (button) folded before Flop (didn't bet)
Seat 2: aaboga (small blind) folded before Flop
Seat 3: el_heniek (big blind) folded on the Flop
Seat 4: pipinoelbreve9 folded before Flop (didn't bet)
Seat 5: yogo0707 collected (€0.25)
Seat 6: technoboy72 folded before Flop (didn't bet)



PokerStars Zoom Hand #259513361136:  Hold'em No Limit (€0.02/€0.05) - 2026/01/29 22:31:24 CET [2026/01/29 16:31:24 ET]
Table 'Asterope' 6-max Seat #1 is the button
Seat 1: PerraTragas (€6.71 in chips) 
Seat 2: pipinoelbreve9 (€5.55 in chips) 
Seat 3: correcamiños (€5 in chips) 
Seat 4: najas88 (€4.93 in chips) 
Seat 5: EronMobius (€7.78 in chips) 
Seat 6: titus&mus (€4.81 in chips) 
pipinoelbreve9: posts small blind €0.02
correcamiños: posts big blind €0.05
*** HOLE CARDS ***
Dealt to pipinoelbreve9 [Qh Ks]
najas88: folds 
EronMobius: folds 
titus&mus: folds 
PerraTragas: folds 
pipinoelbreve9: raises €0.07 to €0.12
correcamiños: folds 
Uncalled bet (€0.07) returned to pipinoelbreve9
pipinoelbreve9 collected €0.10 from pot
pipinoelbreve9: doesn't show hand 
*** SUMMARY ***
Total pot €0.10 | Rake €0 
Seat 1: PerraTragas (button) folded before Flop (didn't bet)
Seat 2: pipinoelbreve9 (small blind) collected (€0.10)
Seat 3: correcamiños (big blind) folded before Flop
Seat 4: najas88 folded before Flop (didn't bet)
Seat 5: EronMobius folded before Flop (didn't bet)
Seat 6: titus&mus folded before Flop (didn't bet)



PokerStars Zoom Hand #259513368224:  Hold'em No Limit (€0.02/€0.05) - 2026/01/29 22:31:51 CET [2026/01/29 16:31:51 ET]
Table 'Asterope' 6-max Seat #1 is the button
Seat 1: MagicThot422 (€5.17 in chips) 
Seat 2: GleQbenny (€6.66 in chips) 
Seat 3: juan@luis800 (€3.78 in chips) 
Seat 4: pipinoelbreve9 (€5.55 in chips) 
Seat 5: Sophistês (€5.20 in chips) 
Seat 6: martingebar (€9.79 in chips) 
GleQbenny: posts small blind €0.02
juan@luis800: posts big blind €0.05
*** HOLE CARDS ***
Dealt to pipinoelbreve9 [5h 4c]
pipinoelbreve9: folds 
Sophistês: folds 
martingebar: raises €0.10 to €0.15
MagicThot422: folds 
GleQbenny: folds 
juan@luis800: folds 
Uncalled bet (€0.10) returned to martingebar
martingebar collected €0.12 from pot
martingebar: doesn't show hand 
*** SUMMARY ***
Total pot €0.12 | Rake €0 
Seat 1: MagicThot422 (button) folded before Flop (didn't bet)
Seat 2: GleQbenny (small blind) folded before Flop
Seat 3: juan@luis800 (big blind) folded before Flop
Seat 4: pipinoelbreve9 folded before Flop (didn't bet)
Seat 5: Sophistês folded before Flop (didn't bet)
Seat 6: martingebar collected (€0.12)



PokerStars Zoom Hand #259513366981:  Hold'em No Limit (€0.02/€0.05) - 2026/01/29 22:31:47 CET [2026/01/29 16:31:47 ET]
Table 'Asterope' 6-max Seat #1 is the button
Seat 1: cocolino143 (€15.12 in chips) 
Seat 2: el_heniek (€5.22 in chips) 
Seat 3: pipinoelbreve9 (€5.60 in chips) 
Seat 4: EduPokerItu (€5.41 in chips) 
Seat 5: Dovene11 (€5.49 in chips) 
Seat 6: Cathaysanauz (€5.13 in chips) 
el_heniek: posts small blind €0.02
pipinoelbreve9: posts big blind €0.05
*** HOLE CARDS ***
Dealt to pipinoelbreve9 [4s 3d]
EduPokerItu: folds 
Dovene11: folds 
Cathaysanauz: raises €0.10 to €0.15
cocolino143: folds 
el_heniek: folds 
pipinoelbreve9: folds 
Uncalled bet (€0.10) returned to Cathaysanauz
Cathaysanauz collected €0.12 from pot
Cathaysanauz: doesn't show hand 
*** SUMMARY ***
Total pot €0.12 | Rake €0 
Seat 1: cocolino143 (button) folded before Flop (didn't bet)
Seat 2: el_heniek (small blind) folded before Flop
Seat 3: pipinoelbreve9 (big blind) folded before Flop
Seat 4: EduPokerItu folded before Flop (didn't bet)
Seat 5: Dovene11 folded before Flop (didn't bet)
Seat 6: Cathaysanauz collected (€0.12)



PokerStars Zoom Hand #259513368961:  Hold'em No Limit (€0.02/€0.05) - 2026/01/29 22:31:54 CET [2026/01/29 16:31:54 ET]
Table 'Asterope' 6-max Seat #1 is the button
Seat 1: pipinoelbreve9 (€5.55 in chips) 
Seat 2: PerraTragas (€12.99 in chips) 
Seat 3: LEXTORMUR (€4.48 in chips) 
Seat 4: Intraneon (€5.13 in chips) 
Seat 5: titus&mus (€5 in chips) 
Seat 6: Dragusin (€5.96 in chips) 
PerraTragas: posts small blind €0.02
LEXTORMUR: posts big blind €0.05
*** HOLE CARDS ***
Dealt to pipinoelbreve9 [4h Jc]
Intraneon: raises €0.07 to €0.12
titus&mus: folds 
Dragusin: folds 
pipinoelbreve9: folds 
PerraTragas: folds 
LEXTORMUR: folds 
Uncalled bet (€0.07) returned to Intraneon
Intraneon collected €0.12 from pot
Intraneon: doesn't show hand 
*** SUMMARY ***
Total pot €0.12 | Rake €0 
Seat 1: pipinoelbreve9 (button) folded before Flop (didn't bet)
Seat 2: PerraTragas (small blind) folded before Flop
Seat 3: LEXTORMUR (big blind) folded before Flop
Seat 4: Intraneon collected (€0.12)
Seat 5: titus&mus folded before Flop (didn't bet)
Seat 6: Dragusin folded before Flop (didn't bet)



PokerStars Zoom Hand #259513373378:  Hold'em No Limit (€0.02/€0.05) - 2026/01/29 22:32:11 CET [2026/01/29 16:32:11 ET]
Table 'Asterope' 6-max Seat #1 is the button
Seat 1: fernando3768 (€2.37 in chips) 
Seat 2: Onlytapi (€5 in chips) 
Seat 3: crevi_066 (€6.62 in chips) 
Seat 4: Intraneon (€7.84 in chips) 
Seat 5: correcamiños (€5 in chips) 
Seat 6: pipinoelbreve9 (€5.53 in chips) 
Onlytapi: posts small blind €0.02
crevi_066: posts big blind €0.05
*** HOLE CARDS ***
Dealt to pipinoelbreve9 [9h 6s]
Intraneon: folds 
correcamiños: folds 
pipinoelbreve9: folds 
fernando3768: folds 
Onlytapi: folds 
Uncalled bet (€0.03) returned to crevi_066
crevi_066 collected €0.04 from pot
crevi_066: doesn't show hand 
*** SUMMARY ***
Total pot €0.04 | Rake €0 
Seat 1: fernando3768 (button) folded before Flop (didn't bet)
Seat 2: Onlytapi (small blind) folded before Flop
Seat 3: crevi_066 (big blind) collected (€0.04)
Seat 4: Intraneon folded before Flop (didn't bet)
Seat 5: correcamiños folded before Flop (didn't bet)
Seat 6: pipinoelbreve9 folded before Flop (didn't bet)



PokerStars Zoom Hand #259513374229:  Hold'em No Limit (€0.02/€0.05) - 2026/01/29 22:32:15 CET [2026/01/29 16:32:15 ET]
Table 'Asterope' 6-max Seat #1 is the button
Seat 1: nellussus (€7.89 in chips) 
Seat 2: elis4ever (€2.56 in chips) 
Seat 3: Elrubik09 (€6.07 in chips) 
Seat 4: onlinetuga (€23.18 in chips) 
Seat 5: pipinoelbreve9 (€5.53 in chips) 
Seat 6: heldrmota (€4.96 in chips) 
elis4ever: posts small blind €0.02
Elrubik09: posts big blind €0.05
*** HOLE CARDS ***
Dealt to pipinoelbreve9 [Ad 2d]
onlinetuga: folds 
pipinoelbreve9: raises €0.07 to €0.12
heldrmota: folds 
nellussus: folds 
elis4ever: folds 
Elrubik09: folds 
Uncalled bet (€0.07) returned to pipinoelbreve9
pipinoelbreve9 collected €0.12 from pot
pipinoelbreve9: doesn't show hand 
*** SUMMARY ***
Total pot €0.12 | Rake €0 
Seat 1: nellussus (button) folded before Flop (didn't bet)
Seat 2: elis4ever (small blind) folded before Flop
Seat 3: Elrubik09 (big blind) folded before Flop
Seat 4: onlinetuga folded before Flop (didn't bet)
Seat 5: pipinoelbreve9 collected (€0.12)
Seat 6: heldrmota folded before Flop (didn't bet)



PokerStars Zoom Hand #259513370376:  Hold'em No Limit (€0.02/€0.05) - 2026/01/29 22:31:59 CET [2026/01/29 16:31:59 ET]
Table 'Asterope' 6-max Seat #1 is the button
Seat 1: Sophistês (€5.18 in chips) 
Seat 2: pipinoelbreve9 (€5.55 in chips) 
Seat 3: txiskius (€9.27 in chips) 
Seat 4: juan@luis800 (€3.73 in chips) 
Seat 5: kokks2 (€5.07 in chips) 
Seat 6: tiger-jor (€5.39 in chips) 
pipinoelbreve9: posts small blind €0.02
txiskius: posts big blind €0.05
*** HOLE CARDS ***
Dealt to pipinoelbreve9 [Td Kc]
juan@luis800: folds 
kokks2: raises €0.12 to €0.17
tiger-jor: calls €0.17
Sophistês: folds 
pipinoelbreve9: folds 
txiskius: folds 
*** FLOP *** [6h Tc 8h]
kokks2: bets €0.26
tiger-jor: calls €0.26
*** TURN *** [6h Tc 8h] [6s]
kokks2: bets €0.35
tiger-jor: folds 
Uncalled bet (€0.35) returned to kokks2
kokks2 collected €0.88 from pot
kokks2: doesn't show hand 
*** SUMMARY ***
Total pot €0.93 | Rake €0.05 
Board [6h Tc 8h 6s]
Seat 1: Sophistês (button) folded before Flop (didn't bet)
Seat 2: pipinoelbreve9 (small blind) folded before Flop
Seat 3: txiskius (big blind) folded before Flop
Seat 4: juan@luis800 folded before Flop (didn't bet)
Seat 5: kokks2 collected (€0.88)
Seat 6: tiger-jor folded on the Turn



PokerStars Zoom Hand #259513378464:  Hold'em No Limit (€0.02/€0.05) - 2026/01/29 22:32:31 CET [2026/01/29 16:32:31 ET]
Table 'Asterope' 6-max Seat #1 is the button
Seat 1: Intraneon (€7.82 in chips) 
Seat 2: Elrubik09 (€6.02 in chips) 
Seat 3: Emmycally44 (€2.70 in chips) 
Seat 4: pipinoelbreve9 (€5.60 in chips) 
Seat 5: frasein567 (€4.40 in chips) 
Seat 6: Angelfs7 (€6.31 in chips) 
Elrubik09: posts small blind €0.02
Emmycally44: posts big blind €0.05
*** HOLE CARDS ***
Dealt to pipinoelbreve9 [Ad 6s]
pipinoelbreve9: folds 
frasein567: folds 
Angelfs7: folds 
Intraneon: raises €0.07 to €0.12
Elrubik09: folds 
Emmycally44: calls €0.07
*** FLOP *** [Ts 8h Ks]
Emmycally44: checks 
Intraneon: bets €0.08
Emmycally44: folds 
Uncalled bet (€0.08) returned to Intraneon
Intraneon collected €0.25 from pot
Intraneon: doesn't show hand 
*** SUMMARY ***
Total pot €0.26 | Rake €0.01 
Board [Ts 8h Ks]
Seat 1: Intraneon (button) collected (€0.25)
Seat 2: Elrubik09 (small blind) folded before Flop
Seat 3: Emmycally44 (big blind) folded on the Flop
Seat 4: pipinoelbreve9 folded before Flop (didn't bet)
Seat 5: frasein567 folded before Flop (didn't bet)
Seat 6: Angelfs7 folded before Flop (didn't bet)



PokerStars Zoom Hand #259513379296:  Hold'em No Limit (€0.02/€0.05) - 2026/01/29 22:32:34 CET [2026/01/29 16:32:34 ET]
Table 'Asterope' 6-max Seat #1 is the button
Seat 1: MagicThot422 (€5.36 in chips) 
Seat 2: Intraneon (€7.61 in chips) 
Seat 3: pipinoelbreve9 (€5.60 in chips) 
Seat 4: yogo0707 (€5.31 in chips) 
Seat 5: redwoco (€4 in chips) 
Seat 6: Reshulon7 (€11.42 in chips) 
Intraneon: posts small blind €0.02
pipinoelbreve9: posts big blind €0.05
*** HOLE CARDS ***
Dealt to pipinoelbreve9 [Ad 8d]
yogo0707: folds 
redwoco: folds 
Reshulon7: raises €0.10 to €0.15
MagicThot422: folds 
Intraneon: folds 
pipinoelbreve9: calls €0.10
*** FLOP *** [Kc 9h 8h]
pipinoelbreve9: checks 
Reshulon7: bets €0.10
pipinoelbreve9: calls €0.10
*** TURN *** [Kc 9h 8h] [9c]
pipinoelbreve9: bets €0.25
Reshulon7: folds 
Uncalled bet (€0.25) returned to pipinoelbreve9
pipinoelbreve9 collected €0.49 from pot
pipinoelbreve9: doesn't show hand 
*** SUMMARY ***
Total pot €0.52 | Rake €0.03 
Board [Kc 9h 8h 9c]
Seat 1: MagicThot422 (button) folded before Flop (didn't bet)
Seat 2: Intraneon (small blind) folded before Flop
Seat 3: pipinoelbreve9 (big blind) collected (€0.49)
Seat 4: yogo0707 folded before Flop (didn't bet)
Seat 5: redwoco folded before Flop (didn't bet)
Seat 6: Reshulon7 folded on the Turn



PokerStars Zoom Hand #259513403501:  Hold'em No Limit (€0.02/€0.05) - 2026/01/29 22:34:08 CET [2026/01/29 16:34:08 ET]
Table 'Asterope' 6-max Seat #1 is the button
Seat 1: elis4ever (€1.23 in chips) 
Seat 2: pipinoelbreve9 (€5.84 in chips) 
Seat 3: Intraneon (€9.70 in chips) 
Seat 4: moi66240 (€1.80 in chips) 
Seat 5: Baumito (€6.79 in chips) 
Seat 6: prouchte (€7.94 in chips) 
pipinoelbreve9: posts small blind €0.02
Intraneon: posts big blind €0.05
*** HOLE CARDS ***
Dealt to pipinoelbreve9 [Tc Jd]
moi66240: folds 
Baumito: raises €0.10 to €0.15
prouchte: folds 
elis4ever: folds 
pipinoelbreve9: folds 
Intraneon: folds 
Uncalled bet (€0.10) returned to Baumito
Baumito collected €0.12 from pot
Baumito: doesn't show hand 
*** SUMMARY ***
Total pot €0.12 | Rake €0 
Seat 1: elis4ever (button) folded before Flop (didn't bet)
Seat 2: pipinoelbreve9 (small blind) folded before Flop
Seat 3: Intraneon (big blind) folded before Flop
Seat 4: moi66240 folded before Flop (didn't bet)
Seat 5: Baumito collected (€0.12)
Seat 6: prouchte folded before Flop (didn't bet)



PokerStars Zoom Hand #259513398459:  Hold'em No Limit (€0.02/€0.05) - 2026/01/29 22:33:48 CET [2026/01/29 16:33:48 ET]
Table 'Asterope' 6-max Seat #1 is the button
Seat 1: pipinoelbreve9 (€5.84 in chips) 
Seat 2: Jumby34 (€6.96 in chips) 
Seat 3: Asthairix (€5 in chips) 
Seat 4: correcamiños (€5 in chips) 
Seat 5: MagicThot422 (€5.29 in chips) 
Seat 6: NIHHIL0 (€5 in chips) 
Jumby34: posts small blind €0.02
Asthairix: posts big blind €0.05
*** HOLE CARDS ***
Dealt to pipinoelbreve9 [4c 8h]
correcamiños: folds 
MagicThot422: folds 
NIHHIL0: raises €0.07 to €0.12
pipinoelbreve9: folds 
Jumby34: raises €0.33 to €0.45
Asthairix: folds 
NIHHIL0: calls €0.33
*** FLOP *** [6h 5c 6s]
Jumby34: bets €0.50
NIHHIL0: calls €0.50
*** TURN *** [6h 5c 6s] [Qh]
Jumby34: bets €1.57
NIHHIL0: folds 
Uncalled bet (€1.57) returned to Jumby34
Jumby34 collected €1.85 from pot
Jumby34: doesn't show hand 
*** SUMMARY ***
Total pot €1.95 | Rake €0.10 
Board [6h 5c 6s Qh]
Seat 1: pipinoelbreve9 (button) folded before Flop (didn't bet)
Seat 2: Jumby34 (small blind) collected (€1.85)
Seat 3: Asthairix (big blind) folded before Flop
Seat 4: correcamiños folded before Flop (didn't bet)
Seat 5: MagicThot422 folded before Flop (didn't bet)
Seat 6: NIHHIL0 folded on the Turn



PokerStars Zoom Hand #259513401036:  Hold'em No Limit (€0.02/€0.05) - 2026/01/29 22:33:58 CET [2026/01/29 16:33:58 ET]
Table 'Asterope' 6-max Seat #1 is the button
Seat 1: yogo0707 (€5 in chips) 
Seat 2: saint-imier (€6.04 in chips) 
Seat 3: Master220 (€4.47 in chips) 
Seat 4: Nimed (€6.40 in chips) 
Seat 5: Intraneon (€7.80 in chips) 
Seat 6: pipinoelbreve9 (€5.84 in chips) 
saint-imier: posts small blind €0.02
Master220: posts big blind €0.05
*** HOLE CARDS ***
Dealt to pipinoelbreve9 [9d Ts]
Nimed: raises €0.07 to €0.12
Intraneon: folds 
pipinoelbreve9: folds 
yogo0707: folds 
saint-imier: calls €0.10
Master220: calls €0.07
*** FLOP *** [3d 7s 9h]
saint-imier: checks 
Master220: checks 
Nimed: checks 
*** TURN *** [3d 7s 9h] [6s]
saint-imier: checks 
Master220: checks 
Nimed: bets €0.22
saint-imier: folds 
Master220: calls €0.22
*** RIVER *** [3d 7s 9h 6s] [Ac]
Master220: checks 
Nimed: bets €0.50
Master220: folds 
Uncalled bet (€0.50) returned to Nimed
Nimed collected €0.76 from pot
Nimed: doesn't show hand 
*** SUMMARY ***
Total pot €0.80 | Rake €0.04 
Board [3d 7s 9h 6s Ac]
Seat 1: yogo0707 (button) folded before Flop (didn't bet)
Seat 2: saint-imier (small blind) folded on the Turn
Seat 3: Master220 (big blind) folded on the River
Seat 4: Nimed collected (€0.76)
Seat 5: Intraneon folded before Flop (didn't bet)
Seat 6: pipinoelbreve9 folded before Flop (didn't bet)



PokerStars Zoom Hand #259513405993:  Hold'em No Limit (€0.02/€0.05) - 2026/01/29 22:34:17 CET [2026/01/29 16:34:17 ET]
Table 'Asterope' 6-max Seat #1 is the button
Seat 1: najas88 (€5.63 in chips) 
Seat 2: kaly666666 (€1.95 in chips) 
Seat 3: pipinoelbreve9 (€5.82 in chips) 
Seat 4: yogo0707 (€5.02 in chips) 
Seat 5: EduPokerItu (€11.96 in chips) 
Seat 6: DaekLight (€2 in chips) 
kaly666666: posts small blind €0.02
pipinoelbreve9: posts big blind €0.05
*** HOLE CARDS ***
Dealt to pipinoelbreve9 [Js As]
yogo0707: raises €0.07 to €0.12
EduPokerItu: folds 
DaekLight: raises €1.88 to €2 and is all-in
najas88: folds 
kaly666666: calls €1.93 and is all-in
pipinoelbreve9: raises €3.82 to €5.82 and is all-in
yogo0707: folds 
Uncalled bet (€3.82) returned to pipinoelbreve9
*** FLOP *** [Ad 5d 8d]
*** TURN *** [Ad 5d 8d] [6h]
*** RIVER *** [Ad 5d 8d 6h] [Ah]
*** SHOW DOWN ***
pipinoelbreve9: shows [Js As] (three of a kind, Aces)
DaekLight: shows [9c 9s] (two pair, Aces and Nines)
pipinoelbreve9 collected €0.10 from side pot
kaly666666: shows [Jd Kh] (a pair of Aces)
pipinoelbreve9 collected €5.67 from main pot
*** SUMMARY ***
Total pot €6.07 Main pot €5.67. Side pot €0.10. | Rake €0.30 
Board [Ad 5d 8d 6h Ah]
Seat 1: najas88 (button) folded before Flop (didn't bet)
Seat 2: kaly666666 (small blind) showed [Jd Kh] and lost with a pair of Aces
Seat 3: pipinoelbreve9 (big blind) showed [Js As] and won (€5.77) with three of a kind, Aces
Seat 4: yogo0707 folded before Flop
Seat 5: EduPokerItu folded before Flop (didn't bet)
Seat 6: DaekLight showed [9c 9s] and lost with two pair, Aces and Nines



PokerStars Zoom Hand #259513414069:  Hold'em No Limit (€0.02/€0.05) - 2026/01/29 22:34:49 CET [2026/01/29 16:34:49 ET]
Table 'Asterope' 6-max Seat #1 is the button
Seat 1: pipinoelbreve9 (€9.59 in chips) 
Seat 2: yogo0707 (€5 in chips) 
Seat 3: ratomi (€1.81 in chips) 
Seat 4: correcamiños (€5.21 in chips) 
Seat 5: Sophistês (€5 in chips) 
Seat 6: elis4ever (€1.16 in chips) 
yogo0707: posts small blind €0.02
ratomi: posts big blind €0.05
*** HOLE CARDS ***
Dealt to pipinoelbreve9 [2s 4s]
correcamiños: folds 
Sophistês: folds 
elis4ever: raises €0.05 to €0.10
pipinoelbreve9: folds 
yogo0707: folds 
ratomi: folds 
Uncalled bet (€0.05) returned to elis4ever
elis4ever collected €0.12 from pot
elis4ever: doesn't show hand 
*** SUMMARY ***
Total pot €0.12 | Rake €0 
Seat 1: pipinoelbreve9 (button) folded before Flop (didn't bet)
Seat 2: yogo0707 (small blind) folded before Flop
Seat 3: ratomi (big blind) folded before Flop
Seat 4: correcamiños folded before Flop (didn't bet)
Seat 5: Sophistês folded before Flop (didn't bet)
Seat 6: elis4ever collected (€0.12)



PokerStars Zoom Hand #259513402262:  Hold'em No Limit (€0.02/€0.05) - 2026/01/29 22:34:03 CET [2026/01/29 16:34:03 ET]
Table 'Asterope' 6-max Seat #1 is the button
Seat 1: DaekLight (€2 in chips) 
Seat 2: NIHHIL0 (€9.16 in chips) 
Seat 3: technoboy72 (€9.54 in chips) 
Seat 4: pipinoelbreve9 (€5.84 in chips) 
Seat 5: Noray123 (€5 in chips) 
Seat 6: kaiserr_sose (€9.71 in chips) 
NIHHIL0: posts small blind €0.02
technoboy72: posts big blind €0.05
*** HOLE CARDS ***
Dealt to pipinoelbreve9 [7d Kh]
pipinoelbreve9: folds 
Noray123: folds 
kaiserr_sose: raises €0.07 to €0.12
DaekLight: folds 
NIHHIL0: folds 
technoboy72: calls €0.07
*** FLOP *** [3s 6s Ts]
technoboy72: checks 
kaiserr_sose: checks 
*** TURN *** [3s 6s Ts] [9d]
technoboy72: checks 
kaiserr_sose: checks 
*** RIVER *** [3s 6s Ts 9d] [Ks]
technoboy72: checks 
kaiserr_sose: checks 
*** SHOW DOWN ***
technoboy72: shows [Jh Ah] (high card Ace)
kaiserr_sose: mucks hand 
technoboy72 collected €0.25 from pot
*** SUMMARY ***
Total pot €0.26 | Rake €0.01 
Board [3s 6s Ts 9d Ks]
Seat 1: DaekLight (button) folded before Flop (didn't bet)
Seat 2: NIHHIL0 (small blind) folded before Flop
Seat 3: technoboy72 (big blind) showed [Jh Ah] and won (€0.25) with high card Ace
Seat 4: pipinoelbreve9 folded before Flop (didn't bet)
Seat 5: Noray123 folded before Flop (didn't bet)
Seat 6: kaiserr_sose mucked [Qh 7h]



PokerStars Zoom Hand #259513418939:  Hold'em No Limit (€0.02/€0.05) - 2026/01/29 22:35:08 CET [2026/01/29 16:35:08 ET]
Table 'Asterope' 6-max Seat #1 is the button
Seat 1: yogo0707 (€5 in chips) 
Seat 2: pipinoelbreve9 (€9.59 in chips) 
Seat 3: Crossnar (€10.13 in chips) 
Seat 4: Bertinho Gil (€5.07 in chips) 
Seat 5: fernando3768 (€3.87 in chips) 
Seat 6: Baumito (€6.81 in chips) 
pipinoelbreve9: posts small blind €0.02
Crossnar: posts big blind €0.05
*** HOLE CARDS ***
Dealt to pipinoelbreve9 [9h Qh]
Bertinho Gil: folds 
fernando3768: folds 
Baumito: folds 
yogo0707: raises €0.07 to €0.12
pipinoelbreve9: folds 
Crossnar: calls €0.07
*** FLOP *** [Jc 2c 7c]
Crossnar: checks 
yogo0707: bets €0.08
Crossnar: folds 
Uncalled bet (€0.08) returned to yogo0707
yogo0707 collected €0.25 from pot
yogo0707: doesn't show hand 
*** SUMMARY ***
Total pot €0.26 | Rake €0.01 
Board [Jc 2c 7c]
Seat 1: yogo0707 (button) collected (€0.25)
Seat 2: pipinoelbreve9 (small blind) folded before Flop
Seat 3: Crossnar (big blind) folded on the Flop
Seat 4: Bertinho Gil folded before Flop (didn't bet)
Seat 5: fernando3768 folded before Flop (didn't bet)
Seat 6: Baumito folded before Flop (didn't bet)



PokerStars Zoom Hand #259513415326:  Hold'em No Limit (€0.02/€0.05) - 2026/01/29 22:34:54 CET [2026/01/29 16:34:54 ET]
Table 'Asterope' 6-max Seat #1 is the button
Seat 1: EduPokerItu (€11.96 in chips) 
Seat 2: TheodorLo (€3.54 in chips) 
Seat 3: redoutable9367 (€16.54 in chips) 
Seat 4: Sophistês (€5 in chips) 
Seat 5: najas88 (€5.58 in chips) 
Seat 6: pipinoelbreve9 (€9.59 in chips) 
TheodorLo: posts small blind €0.02
redoutable9367: posts big blind €0.05
*** HOLE CARDS ***
Dealt to pipinoelbreve9 [9h As]
Sophistês: folds 
najas88: folds 
pipinoelbreve9: folds 
EduPokerItu: folds 
TheodorLo: raises €0.10 to €0.15
redoutable9367: calls €0.10
*** FLOP *** [Ah 4d 6h]
TheodorLo: bets €0.10
redoutable9367: raises €0.10 to €0.20
TheodorLo: calls €0.10
*** TURN *** [Ah 4d 6h] [3h]
TheodorLo: bets €0.25
redoutable9367: calls €0.25
*** RIVER *** [Ah 4d 6h 3h] [5d]
TheodorLo: checks 
redoutable9367: checks 
*** SHOW DOWN ***
TheodorLo: shows [Qh Ks] (high card Ace)
redoutable9367: shows [Qs 6d] (a pair of Sixes)
redoutable9367 collected €1.14 from pot
*** SUMMARY ***
Total pot €1.20 | Rake €0.06 
Board [Ah 4d 6h 3h 5d]
Seat 1: EduPokerItu (button) folded before Flop (didn't bet)
Seat 2: TheodorLo (small blind) showed [Qh Ks] and lost with high card Ace
Seat 3: redoutable9367 (big blind) showed [Qs 6d] and won (€1.14) with a pair of Sixes
Seat 4: Sophistês folded before Flop (didn't bet)
Seat 5: najas88 folded before Flop (didn't bet)
Seat 6: pipinoelbreve9 folded before Flop (didn't bet)



PokerStars Zoom Hand #259513421730:  Hold'em No Limit (€0.02/€0.05) - 2026/01/29 22:35:19 CET [2026/01/29 16:35:19 ET]
Table 'Asterope' 6-max Seat #1 is the button
Seat 1: correcamiños (€5.14 in chips) 
Seat 2: NEIG (€4.69 in chips) 
Seat 3: Onlytapi (€5 in chips) 
Seat 4: pipinoelbreve9 (€9.57 in chips) 
Seat 5: Jac-58 (€7.38 in chips) 
Seat 6: Baumito (€6.81 in chips) 
NEIG: posts small blind €0.02
Onlytapi: posts big blind €0.05
*** HOLE CARDS ***
Dealt to pipinoelbreve9 [5c 5h]
pipinoelbreve9: raises €0.07 to €0.12
Jac-58: folds 
Baumito: folds 
correcamiños: folds 
NEIG: calls €0.10
Onlytapi: folds 
*** FLOP *** [9s 9d Qs]
NEIG: checks 
pipinoelbreve9: bets €0.09
NEIG: calls €0.09
*** TURN *** [9s 9d Qs] [4h]
NEIG: checks 
pipinoelbreve9: bets €0.30
NEIG: calls €0.30
*** RIVER *** [9s 9d Qs 4h] [8h]
NEIG: bets €0.51
pipinoelbreve9: folds 
Uncalled bet (€0.51) returned to NEIG
NEIG collected €1.02 from pot
NEIG: doesn't show hand 
*** SUMMARY ***
Total pot €1.07 | Rake €0.05 
Board [9s 9d Qs 4h 8h]
Seat 1: correcamiños (button) folded before Flop (didn't bet)
Seat 2: NEIG (small blind) collected (€1.02)
Seat 3: Onlytapi (big blind) folded before Flop
Seat 4: pipinoelbreve9 folded on the River
Seat 5: Jac-58 folded before Flop (didn't bet)
Seat 6: Baumito folded before Flop (didn't bet)



PokerStars Zoom Hand #259513431952:  Hold'em No Limit (€0.02/€0.05) - 2026/01/29 22:35:59 CET [2026/01/29 16:35:59 ET]
Table 'Asterope' 6-max Seat #1 is the button
Seat 1: Bertinho Gil (€5.09 in chips) 
Seat 2: frasein567 (€4.05 in chips) 
Seat 3: pipinoelbreve9 (€9.06 in chips) 
Seat 4: redwoco (€3.26 in chips) 
Seat 5: daniello7777 (€5.25 in chips) 
Seat 6: Intraneon (€7.94 in chips) 
frasein567: posts small blind €0.02
pipinoelbreve9: posts big blind €0.05
*** HOLE CARDS ***
Dealt to pipinoelbreve9 [Qs Jh]
redwoco: folds 
daniello7777: folds 
Intraneon: folds 
Bertinho Gil: folds 
frasein567: folds 
Uncalled bet (€0.03) returned to pipinoelbreve9
pipinoelbreve9 collected €0.04 from pot
pipinoelbreve9: doesn't show hand 
*** SUMMARY ***
Total pot €0.04 | Rake €0 
Seat 1: Bertinho Gil (button) folded before Flop (didn't bet)
Seat 2: frasein567 (small blind) folded before Flop
Seat 3: pipinoelbreve9 (big blind) collected (€0.04)
Seat 4: redwoco folded before Flop (didn't bet)
Seat 5: daniello7777 folded before Flop (didn't bet)
Seat 6: Intraneon folded before Flop (didn't bet)



PokerStars Zoom Hand #259513437770:  Hold'em No Limit (€0.02/€0.05) - 2026/01/29 22:36:22 CET [2026/01/29 16:36:22 ET]
Table 'Asterope' 6-max Seat #1 is the button
Seat 1: pipinoelbreve9 (€9.08 in chips) 
Seat 2: kaiserr_sose (€9.83 in chips) 
Seat 3: txiskius (€9.17 in chips) 
Seat 4: Intraneon (€5.34 in chips) 
Seat 5: EduPokerItu (€5.85 in chips) 
Seat 6: redwoco (€4.83 in chips) 
kaiserr_sose: posts small blind €0.02
txiskius: posts big blind €0.05
*** HOLE CARDS ***
Dealt to pipinoelbreve9 [3s Kd]
Intraneon: folds 
EduPokerItu: folds 
redwoco: folds 
pipinoelbreve9: folds 
kaiserr_sose: folds 
Uncalled bet (€0.03) returned to txiskius
txiskius collected €0.04 from pot
txiskius: doesn't show hand 
*** SUMMARY ***
Total pot €0.04 | Rake €0 
Seat 1: pipinoelbreve9 (button) folded before Flop (didn't bet)
Seat 2: kaiserr_sose (small blind) folded before Flop
Seat 3: txiskius (big blind) collected (€0.04)
Seat 4: Intraneon folded before Flop (didn't bet)
Seat 5: EduPokerItu folded before Flop (didn't bet)
Seat 6: redwoco folded before Flop (didn't bet)



PokerStars Zoom Hand #259513436864:  Hold'em No Limit (€0.02/€0.05) - 2026/01/29 22:36:18 CET [2026/01/29 16:36:18 ET]
Table 'Asterope' 6-max Seat #1 is the button
Seat 1: frasein567 (€3.49 in chips) 
Seat 2: Crossnar (€5.16 in chips) 
Seat 3: gangapoker (€4.99 in chips) 
Seat 4: txiskius (€9.17 in chips) 
Seat 5: EduPokerItu (€5.85 in chips) 
Seat 6: pipinoelbreve9 (€9.08 in chips) 
Crossnar: posts small blind €0.02
gangapoker: posts big blind €0.05
*** HOLE CARDS ***
Dealt to pipinoelbreve9 [4h Jh]
txiskius: folds 
EduPokerItu: folds 
pipinoelbreve9: folds 
frasein567: folds 
Crossnar: raises €0.10 to €0.15
gangapoker: folds 
Uncalled bet (€0.10) returned to Crossnar
Crossnar collected €0.10 from pot
Crossnar: doesn't show hand 
*** SUMMARY ***
Total pot €0.10 | Rake €0 
Seat 1: frasein567 (button) folded before Flop (didn't bet)
Seat 2: Crossnar (small blind) collected (€0.10)
Seat 3: gangapoker (big blind) folded before Flop
Seat 4: txiskius folded before Flop (didn't bet)
Seat 5: EduPokerItu folded before Flop (didn't bet)
Seat 6: pipinoelbreve9 folded before Flop (didn't bet)



PokerStars Zoom Hand #259513435249:  Hold'em No Limit (€0.02/€0.05) - 2026/01/29 22:36:12 CET [2026/01/29 16:36:12 ET]
Table 'Asterope' 6-max Seat #1 is the button
Seat 1: ratomi (€1.60 in chips) 
Seat 2: redwoco (€4.85 in chips) 
Seat 3: JohnnyDealer05 (€4.78 in chips) 
Seat 4: Cathaysanauz (€5 in chips) 
Seat 5: pipinoelbreve9 (€9.08 in chips) 
Seat 6: correcamiños (€5.82 in chips) 
redwoco: posts small blind €0.02
JohnnyDealer05: posts big blind €0.05
*** HOLE CARDS ***
Dealt to pipinoelbreve9 [Js Tc]
Cathaysanauz has timed out
Cathaysanauz: folds 
pipinoelbreve9: folds 
correcamiños: folds 
ratomi: calls €0.05
redwoco: folds 
JohnnyDealer05: checks 
*** FLOP *** [Jd 6c 7s]
JohnnyDealer05: checks 
ratomi: checks 
*** TURN *** [Jd 6c 7s] [2s]
JohnnyDealer05: checks 
ratomi: checks 
*** RIVER *** [Jd 6c 7s 2s] [4h]
JohnnyDealer05: checks 
ratomi: checks 
*** SHOW DOWN ***
JohnnyDealer05: shows [3d Qc] (high card Queen)
ratomi: mucks hand 
JohnnyDealer05 collected €0.11 from pot
*** SUMMARY ***
Total pot €0.12 | Rake €0.01 
Board [Jd 6c 7s 2s 4h]
Seat 1: ratomi (button) mucked [5d 9d]
Seat 2: redwoco (small blind) folded before Flop
Seat 3: JohnnyDealer05 (big blind) showed [3d Qc] and won (€0.11) with high card Queen
Seat 4: Cathaysanauz folded before Flop (didn't bet)
Seat 5: pipinoelbreve9 folded before Flop (didn't bet)
Seat 6: correcamiños folded before Flop (didn't bet)



PokerStars Zoom Hand #259513446227:  Hold'em No Limit (€0.02/€0.05) - 2026/01/29 22:36:56 CET [2026/01/29 16:36:56 ET]
Table 'Asterope' 6-max Seat #1 is the button
Seat 1: NIHHIL0 (€5.17 in chips) 
Seat 2: EduPokerItu (€5.80 in chips) 
Seat 3: ratomi (€1.55 in chips) 
Seat 4: Master220 (€4.21 in chips) 
Seat 5: elis4ever (€1.03 in chips) 
Seat 6: pipinoelbreve9 (€9.01 in chips) 
EduPokerItu: posts small blind €0.02
ratomi: posts big blind €0.05
*** HOLE CARDS ***
Dealt to pipinoelbreve9 [2h 4d]
Master220: folds 
elis4ever: folds 
pipinoelbreve9: folds 
NIHHIL0: folds 
EduPokerItu: raises €0.10 to €0.15
ratomi: folds 
Uncalled bet (€0.10) returned to EduPokerItu
EduPokerItu collected €0.10 from pot
EduPokerItu: doesn't show hand 
*** SUMMARY ***
Total pot €0.10 | Rake €0 
Seat 1: NIHHIL0 (button) folded before Flop (didn't bet)
Seat 2: EduPokerItu (small blind) collected (€0.10)
Seat 3: ratomi (big blind) folded before Flop
Seat 4: Master220 folded before Flop (didn't bet)
Seat 5: elis4ever folded before Flop (didn't bet)
Seat 6: pipinoelbreve9 folded before Flop (didn't bet)



PokerStars Zoom Hand #259513438946:  Hold'em No Limit (€0.02/€0.05) - 2026/01/29 22:36:26 CET [2026/01/29 16:36:26 ET]
Table 'Asterope' 6-max Seat #1 is the button
Seat 1: UndertheGun7799 (€5.19 in chips) 
Seat 2: KingstaS13 (€8 in chips) 
Seat 3: Dragusin (€5.51 in chips) 
Seat 4: Jei72 (€4.10 in chips) 
Seat 5: pipinoelbreve9 (€9.08 in chips) 
Seat 6: chulinho10 (€5.68 in chips) 
KingstaS13: posts small blind €0.02
Dragusin: posts big blind €0.05
*** HOLE CARDS ***
Dealt to pipinoelbreve9 [Jh 3d]
Jei72: calls €0.05
pipinoelbreve9: folds 
chulinho10: folds 
UndertheGun7799: calls €0.05
KingstaS13: folds 
Dragusin: checks 
*** FLOP *** [7s 7h 6h]
Dragusin: checks 
Jei72: checks 
UndertheGun7799: checks 
*** TURN *** [7s 7h 6h] [2s]
Dragusin: checks 
Jei72: checks 
UndertheGun7799: checks 
*** RIVER *** [7s 7h 6h 2s] [Qs]
Dragusin: bets €0.16
Jei72: folds 
UndertheGun7799: folds 
Uncalled bet (€0.16) returned to Dragusin
Dragusin collected €0.16 from pot
Dragusin: doesn't show hand 
*** SUMMARY ***
Total pot €0.17 | Rake €0.01 
Board [7s 7h 6h 2s Qs]
Seat 1: UndertheGun7799 (button) folded on the River
Seat 2: KingstaS13 (small blind) folded before Flop
Seat 3: Dragusin (big blind) collected (€0.16)
Seat 4: Jei72 folded on the River
Seat 5: pipinoelbreve9 folded before Flop (didn't bet)
Seat 6: chulinho10 folded before Flop (didn't bet)



PokerStars Zoom Hand #259513443735:  Hold'em No Limit (€0.02/€0.05) - 2026/01/29 22:36:46 CET [2026/01/29 16:36:46 ET]
Table 'Asterope' 6-max Seat #1 is the button
Seat 1: HuuGo02 (€2.93 in chips) 
Seat 2: pipinoelbreve9 (€9.03 in chips) 
Seat 3: kokks2 (€5.35 in chips) 
Seat 4: saint-imier (€5.04 in chips) 
Seat 5: JohnnyDealer05 (€4.84 in chips) 
Seat 6: Jumby34 (€5.05 in chips) 
pipinoelbreve9: posts small blind €0.02
kokks2: posts big blind €0.05
*** HOLE CARDS ***
Dealt to pipinoelbreve9 [9c 6s]
saint-imier: folds 
JohnnyDealer05: raises €0.10 to €0.15
Jumby34: raises €0.30 to €0.45
HuuGo02: folds 
pipinoelbreve9: folds 
kokks2: folds 
JohnnyDealer05: calls €0.30
*** FLOP *** [Jc Qd Js]
JohnnyDealer05: checks 
Jumby34: bets €0.78
JohnnyDealer05: folds 
Uncalled bet (€0.78) returned to Jumby34
Jumby34 collected €0.92 from pot
Jumby34: doesn't show hand 
*** SUMMARY ***
Total pot €0.97 | Rake €0.05 
Board [Jc Qd Js]
Seat 1: HuuGo02 (button) folded before Flop (didn't bet)
Seat 2: pipinoelbreve9 (small blind) folded before Flop
Seat 3: kokks2 (big blind) folded before Flop
Seat 4: saint-imier folded before Flop (didn't bet)
Seat 5: JohnnyDealer05 folded on the Flop
Seat 6: Jumby34 collected (€0.92)



PokerStars Zoom Hand #259513447335:  Hold'em No Limit (€0.02/€0.05) - 2026/01/29 22:37:00 CET [2026/01/29 16:37:00 ET]
Table 'Asterope' 6-max Seat #1 is the button
Seat 1: el_heniek (€14.95 in chips) 
Seat 2: Crossnar (€15.54 in chips) 
Seat 3: lulula24 (€5 in chips) 
Seat 4: vayewis (€7.85 in chips) 
Seat 5: pipinoelbreve9 (€9.01 in chips) 
Seat 6: NEIG (€4.51 in chips) 
Crossnar: posts small blind €0.02
lulula24: posts big blind €0.05
*** HOLE CARDS ***
Dealt to pipinoelbreve9 [Ah Kd]
vayewis: folds 
pipinoelbreve9: raises €0.07 to €0.12
NEIG: calls €0.12
el_heniek: folds 
Crossnar: calls €0.10
lulula24: folds 
*** FLOP *** [As 9s 8d]
Crossnar: checks 
pipinoelbreve9: bets €0.13
NEIG: calls €0.13
Crossnar: calls €0.13
*** TURN *** [As 9s 8d] [5h]
Crossnar: checks 
pipinoelbreve9: bets €0.60
NEIG: calls €0.60
Crossnar: folds 
*** RIVER *** [As 9s 8d 5h] [Tc]
pipinoelbreve9: bets €1.25
NEIG: calls €1.25
*** SHOW DOWN ***
pipinoelbreve9: shows [Ah Kd] (a pair of Aces)
NEIG: mucks hand 
pipinoelbreve9 collected €4.28 from pot
*** SUMMARY ***
Total pot €4.50 | Rake €0.22 
Board [As 9s 8d 5h Tc]
Seat 1: el_heniek (button) folded before Flop (didn't bet)
Seat 2: Crossnar (small blind) folded on the Turn
Seat 3: lulula24 (big blind) folded before Flop
Seat 4: vayewis folded before Flop (didn't bet)
Seat 5: pipinoelbreve9 showed [Ah Kd] and won (€4.28) with a pair of Aces
Seat 6: NEIG mucked [Qs 9h]



PokerStars Zoom Hand #259513439680:  Hold'em No Limit (€0.02/€0.05) - 2026/01/29 22:36:29 CET [2026/01/29 16:36:29 ET]
Table 'Asterope' 6-max Seat #1 is the button
Seat 1: Bertinho Gil (€5.27 in chips) 
Seat 2: Nimed (€6.70 in chips) 
Seat 3: pipinoelbreve9 (€9.08 in chips) 
Seat 4: redwoco (€3.19 in chips) 
Seat 5: chulinho10 (€5.68 in chips) 
Seat 6: Reshulon7 (€11.39 in chips) 
Nimed: posts small blind €0.02
pipinoelbreve9: posts big blind €0.05
*** HOLE CARDS ***
Dealt to pipinoelbreve9 [Ks 6c]
redwoco: folds 
chulinho10: folds 
Reshulon7: raises €0.10 to €0.15
Bertinho Gil: folds 
Nimed: raises €0.40 to €0.55
pipinoelbreve9: folds 
Reshulon7: calls €0.40
*** FLOP *** [Ad 2d 5h]
Nimed: checks 
Reshulon7: bets €0.50
Nimed: calls €0.50
*** TURN *** [Ad 2d 5h] [8h]
Nimed: checks 
Reshulon7: bets €1.75
Nimed: calls €1.75
*** RIVER *** [Ad 2d 5h 8h] [Js]
Nimed: checks 
Reshulon7: checks 
*** SHOW DOWN ***
Nimed: shows [Jd As] (two pair, Aces and Jacks)
Reshulon7: mucks hand 
Nimed collected €5.37 from pot
*** SUMMARY ***
Total pot €5.65 | Rake €0.28 
Board [Ad 2d 5h 8h Js]
Seat 1: Bertinho Gil (button) folded before Flop (didn't bet)
Seat 2: Nimed (small blind) showed [Jd As] and won (€5.37) with two pair, Aces and Jacks
Seat 3: pipinoelbreve9 (big blind) folded before Flop
Seat 4: redwoco folded before Flop (didn't bet)
Seat 5: chulinho10 folded before Flop (didn't bet)
Seat 6: Reshulon7 mucked [Qc Jc]



PokerStars Zoom Hand #259513459971:  Hold'em No Limit (€0.02/€0.05) - 2026/01/29 22:37:49 CET [2026/01/29 16:37:49 ET]
Table 'Asterope' 6-max Seat #1 is the button
Seat 1: pipinoelbreve9 (€11.19 in chips) 
Seat 2: fernando3768 (€2.30 in chips) 
Seat 3: JohnnyDealer05 (€4.37 in chips) 
Seat 4: TheodorLo (€2.76 in chips) 
Seat 5: Dragusin (€5.67 in chips) 
Seat 6: txiskius (€8.83 in chips) 
fernando3768: posts small blind €0.02
JohnnyDealer05: posts big blind €0.05
*** HOLE CARDS ***
Dealt to pipinoelbreve9 [Js 6h]
TheodorLo: folds 
Dragusin: folds 
txiskius: folds 
pipinoelbreve9: folds 
fernando3768: folds 
Uncalled bet (€0.03) returned to JohnnyDealer05
JohnnyDealer05 collected €0.04 from pot
JohnnyDealer05: doesn't show hand 
*** SUMMARY ***
Total pot €0.04 | Rake €0 
Seat 1: pipinoelbreve9 (button) folded before Flop (didn't bet)
Seat 2: fernando3768 (small blind) folded before Flop
Seat 3: JohnnyDealer05 (big blind) collected (€0.04)
Seat 4: TheodorLo folded before Flop (didn't bet)
Seat 5: Dragusin folded before Flop (didn't bet)
Seat 6: txiskius folded before Flop (didn't bet)



PokerStars Zoom Hand #259513462185:  Hold'em No Limit (€0.02/€0.05) - 2026/01/29 22:37:58 CET [2026/01/29 16:37:58 ET]
Table 'Asterope' 6-max Seat #1 is the button
Seat 1: ZixZ596 (€1.54 in chips) 
Seat 2: Baumito (€8.20 in chips) 
Seat 3: luiscosta82 (€6.34 in chips) 
Seat 4: Crossnar (€8.54 in chips) 
Seat 5: pipinoelbreve9 (€11.19 in chips) 
Seat 6: Bertinho Gil (€5.10 in chips) 
Baumito: posts small blind €0.02
luiscosta82: posts big blind €0.05
*** HOLE CARDS ***
Dealt to pipinoelbreve9 [8s 8c]
Crossnar: folds 
pipinoelbreve9: raises €0.07 to €0.12
Bertinho Gil: folds 
ZixZ596: folds 
Baumito: folds 
luiscosta82: folds 
Uncalled bet (€0.07) returned to pipinoelbreve9
pipinoelbreve9 collected €0.12 from pot
pipinoelbreve9: doesn't show hand 
*** SUMMARY ***
Total pot €0.12 | Rake €0 
Seat 1: ZixZ596 (button) folded before Flop (didn't bet)
Seat 2: Baumito (small blind) folded before Flop
Seat 3: luiscosta82 (big blind) folded before Flop
Seat 4: Crossnar folded before Flop (didn't bet)
Seat 5: pipinoelbreve9 collected (€0.12)
Seat 6: Bertinho Gil folded before Flop (didn't bet)



PokerStars Zoom Hand #259513466957:  Hold'em No Limit (€0.02/€0.05) - 2026/01/29 22:38:17 CET [2026/01/29 16:38:17 ET]
Table 'Asterope' 6-max Seat #1 is the button
Seat 1: Dragusin (€5 in chips) 
Seat 2: pipinoelbreve9 (€11.26 in chips) 
Seat 3: martingebar (€6.99 in chips) 
Seat 4: mmbc44 (€3.19 in chips) 
Seat 5: Cathaysanauz (€5 in chips) 
Seat 6: fernando3768 (€3.56 in chips) 
pipinoelbreve9: posts small blind €0.02
martingebar: posts big blind €0.05
*** HOLE CARDS ***
Dealt to pipinoelbreve9 [Qd Ts]
mmbc44: folds 
Cathaysanauz: raises €0.10 to €0.15
fernando3768: folds 
Dragusin: folds 
pipinoelbreve9: folds 
martingebar: folds 
Uncalled bet (€0.10) returned to Cathaysanauz
Cathaysanauz collected €0.12 from pot
Cathaysanauz: doesn't show hand 
*** SUMMARY ***
Total pot €0.12 | Rake €0 
Seat 1: Dragusin (button) folded before Flop (didn't bet)
Seat 2: pipinoelbreve9 (small blind) folded before Flop
Seat 3: martingebar (big blind) folded before Flop
Seat 4: mmbc44 folded before Flop (didn't bet)
Seat 5: Cathaysanauz collected (€0.12)
Seat 6: fernando3768 folded before Flop (didn't bet)



PokerStars Zoom Hand #259513465913:  Hold'em No Limit (€0.02/€0.05) - 2026/01/29 22:38:13 CET [2026/01/29 16:38:13 ET]
Table 'Asterope' 6-max Seat #1 is the button
Seat 1: GleQbenny (€6.71 in chips) 
Seat 2: LEXTORMUR (€4.02 in chips) 
Seat 3: evmiso (€4.60 in chips) 
Seat 4: manrik_1 (€4.35 in chips) 
Seat 5: Noray123 (€5.57 in chips) 
Seat 6: pipinoelbreve9 (€11.26 in chips) 
LEXTORMUR: posts small blind €0.02
evmiso: posts big blind €0.05
*** HOLE CARDS ***
Dealt to pipinoelbreve9 [Jc 2h]
manrik_1: folds 
Noray123: folds 
pipinoelbreve9: folds 
GleQbenny: folds 
LEXTORMUR: raises €0.10 to €0.15
evmiso: calls €0.10
*** FLOP *** [Ts 5h 9c]
LEXTORMUR: bets €0.15
evmiso: calls €0.15
*** TURN *** [Ts 5h 9c] [4c]
LEXTORMUR: bets €0.43
evmiso: folds 
Uncalled bet (€0.43) returned to LEXTORMUR
LEXTORMUR collected €0.57 from pot
LEXTORMUR: doesn't show hand 
*** SUMMARY ***
Total pot €0.60 | Rake €0.03 
Board [Ts 5h 9c 4c]
Seat 1: GleQbenny (button) folded before Flop (didn't bet)
Seat 2: LEXTORMUR (small blind) collected (€0.57)
Seat 3: evmiso (big blind) folded on the Turn
Seat 4: manrik_1 folded before Flop (didn't bet)
Seat 5: Noray123 folded before Flop (didn't bet)
Seat 6: pipinoelbreve9 folded before Flop (didn't bet)



PokerStars Zoom Hand #259513470462:  Hold'em No Limit (€0.02/€0.05) - 2026/01/29 22:38:31 CET [2026/01/29 16:38:31 ET]
Table 'Asterope' 6-max Seat #1 is the button
Seat 1: cocolino143 (€15.64 in chips) 
Seat 2: gusflota (€1.95 in chips) 
Seat 3: petete659 (€2.88 in chips) 
Seat 4: pipinoelbreve9 (€11.24 in chips) 
Seat 5: Bertinho Gil (€5.71 in chips) 
Seat 6: kyra46125 (€4.25 in chips) 
gusflota: posts small blind €0.02
petete659: posts big blind €0.05
*** HOLE CARDS ***
Dealt to pipinoelbreve9 [9c 2d]
pipinoelbreve9: folds 
Bertinho Gil: folds 
kyra46125: folds 
cocolino143: raises €0.05 to €0.10
gusflota: calls €0.08
petete659: calls €0.05
*** FLOP *** [Ts 4h 6s]
gusflota: checks 
petete659: checks 
cocolino143: checks 
*** TURN *** [Ts 4h 6s] [Qh]
gusflota: checks 
petete659: checks 
cocolino143: bets €0.10
gusflota: folds 
petete659: folds 
Uncalled bet (€0.10) returned to cocolino143
cocolino143 collected €0.28 from pot
cocolino143: doesn't show hand 
*** SUMMARY ***
Total pot €0.30 | Rake €0.02 
Board [Ts 4h 6s Qh]
Seat 1: cocolino143 (button) collected (€0.28)
Seat 2: gusflota (small blind) folded on the Turn
Seat 3: petete659 (big blind) folded on the Turn
Seat 4: pipinoelbreve9 folded before Flop (didn't bet)
Seat 5: Bertinho Gil folded before Flop (didn't bet)
Seat 6: kyra46125 folded before Flop (didn't bet)



PokerStars Zoom Hand #259513471460:  Hold'em No Limit (€0.02/€0.05) - 2026/01/29 22:38:35 CET [2026/01/29 16:38:35 ET]
Table 'Asterope' 6-max Seat #1 is the button
Seat 1: olijmandrea (€7.18 in chips) 
Seat 2: KingstaS13 (€8.10 in chips) 
Seat 3: pipinoelbreve9 (€11.24 in chips) 
Seat 4: el_heniek (€5.41 in chips) 
Seat 5: Baumito (€8.13 in chips) 
Seat 6: titus&mus (€7.84 in chips) 
KingstaS13: posts small blind €0.02
pipinoelbreve9: posts big blind €0.05
*** HOLE CARDS ***
Dealt to pipinoelbreve9 [4h 4c]
el_heniek: folds 
Baumito: folds 
titus&mus: folds 
olijmandrea: folds 
KingstaS13: raises €0.05 to €0.10
pipinoelbreve9: calls €0.05
*** FLOP *** [5c Jd 9h]
KingstaS13: bets €0.10
pipinoelbreve9: folds 
Uncalled bet (€0.10) returned to KingstaS13
KingstaS13 collected €0.19 from pot
KingstaS13: doesn't show hand 
*** SUMMARY ***
Total pot €0.20 | Rake €0.01 
Board [5c Jd 9h]
Seat 1: olijmandrea (button) folded before Flop (didn't bet)
Seat 2: KingstaS13 (small blind) collected (€0.19)
Seat 3: pipinoelbreve9 (big blind) folded on the Flop
Seat 4: el_heniek folded before Flop (didn't bet)
Seat 5: Baumito folded before Flop (didn't bet)
Seat 6: titus&mus folded before Flop (didn't bet)



PokerStars Zoom Hand #259513480648:  Hold'em No Limit (€0.02/€0.05) - 2026/01/29 22:39:10 CET [2026/01/29 16:39:10 ET]
Table 'Asterope' 6-max Seat #1 is the button
Seat 1: pipinoelbreve9 (€11.14 in chips) 
Seat 2: correcamiños (€5 in chips) 
Seat 3: technoboy72 (€10.05 in chips) 
Seat 4: tiger-jor (€5.65 in chips) 
Seat 5: evmiso (€4.28 in chips) 
Seat 6: LeCholp (€6.07 in chips) 
correcamiños: posts small blind €0.02
technoboy72: posts big blind €0.05
*** HOLE CARDS ***
Dealt to pipinoelbreve9 [8s As]
tiger-jor: raises €0.10 to €0.15
evmiso: folds 
LeCholp: calls €0.15
pipinoelbreve9: raises €0.52 to €0.67
correcamiños: folds 
technoboy72: folds 
tiger-jor: folds 
LeCholp: folds 
Uncalled bet (€0.52) returned to pipinoelbreve9
pipinoelbreve9 collected €0.52 from pot
pipinoelbreve9: doesn't show hand 
*** SUMMARY ***
Total pot €0.52 | Rake €0 
Seat 1: pipinoelbreve9 (button) collected (€0.52)
Seat 2: correcamiños (small blind) folded before Flop
Seat 3: technoboy72 (big blind) folded before Flop
Seat 4: tiger-jor folded before Flop
Seat 5: evmiso folded before Flop (didn't bet)
Seat 6: LeCholp folded before Flop



PokerStars Zoom Hand #259513487481:  Hold'em No Limit (€0.02/€0.05) - 2026/01/29 22:39:37 CET [2026/01/29 16:39:37 ET]
Table 'Asterope' 6-max Seat #1 is the button
Seat 1: olijmandrea (€7.28 in chips) 
Seat 2: martingebar (€9.82 in chips) 
Seat 3: titipro1905 (€11.31 in chips) 
Seat 4: Intraneon (€8.36 in chips) 
Seat 5: pipinoelbreve9 (€11.51 in chips) 
Seat 6: evmiso (€4.21 in chips) 
martingebar: posts small blind €0.02
titipro1905: posts big blind €0.05
*** HOLE CARDS ***
Dealt to pipinoelbreve9 [4h 9c]
Intraneon: folds 
pipinoelbreve9: folds 
evmiso: folds 
olijmandrea: folds 
martingebar: raises €0.10 to €0.15
titipro1905: folds 
Uncalled bet (€0.10) returned to martingebar
martingebar collected €0.10 from pot
martingebar: doesn't show hand 
*** SUMMARY ***
Total pot €0.10 | Rake €0 
Seat 1: olijmandrea (button) folded before Flop (didn't bet)
Seat 2: martingebar (small blind) collected (€0.10)
Seat 3: titipro1905 (big blind) folded before Flop
Seat 4: Intraneon folded before Flop (didn't bet)
Seat 5: pipinoelbreve9 folded before Flop (didn't bet)
Seat 6: evmiso folded before Flop (didn't bet)



PokerStars Zoom Hand #259513488380:  Hold'em No Limit (€0.02/€0.05) - 2026/01/29 22:39:41 CET [2026/01/29 16:39:41 ET]
Table 'Asterope' 6-max Seat #1 is the button
Seat 1: JohnnyDealer05 (€4.80 in chips) 
Seat 2: pipinoelbreve9 (€11.51 in chips) 
Seat 3: yogo0707 (€5.20 in chips) 
Seat 4: Cathaysanauz (€5 in chips) 
Seat 5: Brais Noron (€6 in chips) 
Seat 6: NIHHIL0 (€10.32 in chips) 
pipinoelbreve9: posts small blind €0.02
yogo0707: posts big blind €0.05
*** HOLE CARDS ***
Dealt to pipinoelbreve9 [Kh Qd]
Cathaysanauz: folds 
Brais Noron: folds 
NIHHIL0: raises €0.10 to €0.15
JohnnyDealer05: folds 
pipinoelbreve9: raises €0.35 to €0.50
yogo0707: folds 
NIHHIL0: calls €0.35
*** FLOP *** [Td 8d 6c]
pipinoelbreve9: bets €0.23
NIHHIL0: calls €0.23
*** TURN *** [Td 8d 6c] [8h]
pipinoelbreve9: checks 
NIHHIL0: checks 
*** RIVER *** [Td 8d 6c 8h] [As]
pipinoelbreve9: checks 
NIHHIL0: bets €0.80
pipinoelbreve9: folds 
Uncalled bet (€0.80) returned to NIHHIL0
NIHHIL0 collected €1.43 from pot
NIHHIL0: doesn't show hand 
*** SUMMARY ***
Total pot €1.51 | Rake €0.08 
Board [Td 8d 6c 8h As]
Seat 1: JohnnyDealer05 (button) folded before Flop (didn't bet)
Seat 2: pipinoelbreve9 (small blind) folded on the River
Seat 3: yogo0707 (big blind) folded before Flop
Seat 4: Cathaysanauz folded before Flop (didn't bet)
Seat 5: Brais Noron folded before Flop (didn't bet)
Seat 6: NIHHIL0 collected (€1.43)



PokerStars Zoom Hand #259513502609:  Hold'em No Limit (€0.02/€0.05) - 2026/01/29 22:40:36 CET [2026/01/29 16:40:36 ET]
Table 'Asterope' 6-max Seat #1 is the button
Seat 1: cocolino143 (€15.65 in chips) 
Seat 2: saint-imier (€5 in chips) 
Seat 3: valls1000 (€2.58 in chips) 
Seat 4: pipinoelbreve9 (€10.78 in chips) 
Seat 5: LeX_SM21 (€2.51 in chips) 
Seat 6: bounistars (€3.71 in chips) 
saint-imier: posts small blind €0.02
valls1000: posts big blind €0.05
*** HOLE CARDS ***
Dealt to pipinoelbreve9 [7c Ts]
pipinoelbreve9: folds 
LeX_SM21: raises €0.12 to €0.17
bounistars: folds 
cocolino143: folds 
saint-imier: folds 
valls1000: folds 
Uncalled bet (€0.12) returned to LeX_SM21
LeX_SM21 collected €0.12 from pot
LeX_SM21: doesn't show hand 
*** SUMMARY ***
Total pot €0.12 | Rake €0 
Seat 1: cocolino143 (button) folded before Flop (didn't bet)
Seat 2: saint-imier (small blind) folded before Flop
Seat 3: valls1000 (big blind) folded before Flop
Seat 4: pipinoelbreve9 folded before Flop (didn't bet)
Seat 5: LeX_SM21 collected (€0.12)
Seat 6: bounistars folded before Flop (didn't bet)



PokerStars Zoom Hand #259513504210:  Hold'em No Limit (€0.02/€0.05) - 2026/01/29 22:40:42 CET [2026/01/29 16:40:42 ET]
Table 'Asterope' 6-max Seat #1 is the button
Seat 1: correcamiños (€5.20 in chips) 
Seat 2: Elrubik09 (€5.56 in chips) 
Seat 3: titus&mus (€7.82 in chips) 
Seat 4: ratomi (€1.15 in chips) 
Seat 5: Jumby34 (€5.57 in chips) 
Seat 6: pipinoelbreve9 (€10.78 in chips) 
Elrubik09: posts small blind €0.02
titus&mus: posts big blind €0.05
*** HOLE CARDS ***
Dealt to pipinoelbreve9 [7s As]
ratomi: folds 
Jumby34: folds 
pipinoelbreve9: raises €0.07 to €0.12
correcamiños: folds 
Elrubik09: folds 
titus&mus: calls €0.07
*** FLOP *** [7c Kh 8d]
titus&mus: checks 
pipinoelbreve9: bets €0.08
titus&mus: calls €0.08
*** TURN *** [7c Kh 8d] [5c]
titus&mus: checks 
pipinoelbreve9: checks 
*** RIVER *** [7c Kh 8d 5c] [Qh]
titus&mus: checks 
pipinoelbreve9: checks 
*** SHOW DOWN ***
titus&mus: shows [Ts Tc] (a pair of Tens)
pipinoelbreve9: mucks hand 
titus&mus collected €0.40 from pot
*** SUMMARY ***
Total pot €0.42 | Rake €0.02 
Board [7c Kh 8d 5c Qh]
Seat 1: correcamiños (button) folded before Flop (didn't bet)
Seat 2: Elrubik09 (small blind) folded before Flop
Seat 3: titus&mus (big blind) showed [Ts Tc] and won (€0.40) with a pair of Tens
Seat 4: ratomi folded before Flop (didn't bet)
Seat 5: Jumby34 folded before Flop (didn't bet)
Seat 6: pipinoelbreve9 mucked [7s As]



PokerStars Zoom Hand #259513516636:  Hold'em No Limit (€0.02/€0.05) - 2026/01/29 22:41:31 CET [2026/01/29 16:41:31 ET]
Table 'Asterope' 6-max Seat #1 is the button
Seat 1: Dragusin (€11.13 in chips) 
Seat 2: yogo0707 (€5 in chips) 
Seat 3: pipinoelbreve9 (€10.58 in chips) 
Seat 4: lulula24 (€5.07 in chips) 
Seat 5: kokks2 (€6.78 in chips) 
Seat 6: Noray123 (€5.14 in chips) 
yogo0707: posts small blind €0.02
pipinoelbreve9: posts big blind €0.05
*** HOLE CARDS ***
Dealt to pipinoelbreve9 [Qd 4s]
lulula24: folds 
kokks2: folds 
Noray123: folds 
Dragusin: folds 
yogo0707: folds 
Uncalled bet (€0.03) returned to pipinoelbreve9
pipinoelbreve9 collected €0.04 from pot
pipinoelbreve9: doesn't show hand 
*** SUMMARY ***
Total pot €0.04 | Rake €0 
Seat 1: Dragusin (button) folded before Flop (didn't bet)
Seat 2: yogo0707 (small blind) folded before Flop
Seat 3: pipinoelbreve9 (big blind) collected (€0.04)
Seat 4: lulula24 folded before Flop (didn't bet)
Seat 5: kokks2 folded before Flop (didn't bet)
Seat 6: Noray123 folded before Flop (didn't bet)



PokerStars Zoom Hand #259513524094:  Hold'em No Limit (€0.02/€0.05) - 2026/01/29 22:42:00 CET [2026/01/29 16:42:00 ET]
Table 'Asterope' 6-max Seat #1 is the button
Seat 1: lulula24 (€5 in chips) 
Seat 2: LeX_SM21 (€2.46 in chips) 
Seat 3: slokay (€2.26 in chips) 
Seat 4: pipinoelbreve9 (€10.60 in chips) 
Seat 5: manrik_1 (€3.99 in chips) 
Seat 6: redwoco (€2.17 in chips) 
LeX_SM21: posts small blind €0.02
slokay: posts big blind €0.05
*** HOLE CARDS ***
Dealt to pipinoelbreve9 [Kh 3c]
pipinoelbreve9: folds 
manrik_1: raises €0.05 to €0.10
redwoco: folds 
lulula24: folds 
LeX_SM21: folds 
slokay: calls €0.05
*** FLOP *** [Kd 9c Ad]
slokay: checks 
manrik_1: bets €0.16
slokay: folds 
Uncalled bet (€0.16) returned to manrik_1
manrik_1 collected €0.21 from pot
manrik_1: doesn't show hand 
*** SUMMARY ***
Total pot €0.22 | Rake €0.01 
Board [Kd 9c Ad]
Seat 1: lulula24 (button) folded before Flop (didn't bet)
Seat 2: LeX_SM21 (small blind) folded before Flop
Seat 3: slokay (big blind) folded on the Flop
Seat 4: pipinoelbreve9 folded before Flop (didn't bet)
Seat 5: manrik_1 collected (€0.21)
Seat 6: redwoco folded before Flop (didn't bet)



PokerStars Zoom Hand #259513525264:  Hold'em No Limit (€0.02/€0.05) - 2026/01/29 22:42:04 CET [2026/01/29 16:42:04 ET]
Table 'Asterope' 6-max Seat #1 is the button
Seat 1: onlinetuga (€23.14 in chips) 
Seat 2: technoboy72 (€11.67 in chips) 
Seat 3: yogo0707 (€5 in chips) 
Seat 4: HuuGo02 (€4.65 in chips) 
Seat 5: pipinoelbreve9 (€10.60 in chips) 
Seat 6: luiscosta82 (€6.15 in chips) 
technoboy72: posts small blind €0.02
yogo0707: posts big blind €0.05
*** HOLE CARDS ***
Dealt to pipinoelbreve9 [9s 7d]
HuuGo02: folds 
pipinoelbreve9: folds 
luiscosta82: raises €0.10 to €0.15
onlinetuga: raises €0.10 to €0.25
technoboy72: folds 
yogo0707: folds 
luiscosta82: calls €0.10
*** FLOP *** [8d 2d 3d]
luiscosta82: checks 
onlinetuga: checks 
*** TURN *** [8d 2d 3d] [6d]
luiscosta82: checks 
onlinetuga: checks 
*** RIVER *** [8d 2d 3d 6d] [As]
luiscosta82: checks 
onlinetuga: checks 
*** SHOW DOWN ***
luiscosta82: shows [8h Ah] (two pair, Aces and Eights)
onlinetuga: mucks hand 
luiscosta82 collected €0.54 from pot
*** SUMMARY ***
Total pot €0.57 | Rake €0.03 
Board [8d 2d 3d 6d As]
Seat 1: onlinetuga (button) mucked [Qh Qs]
Seat 2: technoboy72 (small blind) folded before Flop
Seat 3: yogo0707 (big blind) folded before Flop
Seat 4: HuuGo02 folded before Flop (didn't bet)
Seat 5: pipinoelbreve9 folded before Flop (didn't bet)
Seat 6: luiscosta82 showed [8h Ah] and won (€0.54) with two pair, Aces and Eights



PokerStars Zoom Hand #259513528688:  Hold'em No Limit (€0.02/€0.05) - 2026/01/29 22:42:17 CET [2026/01/29 16:42:17 ET]
Table 'Asterope' 6-max Seat #1 is the button
Seat 1: el_heniek (€7.30 in chips) 
Seat 2: LEXTORMUR (€4.02 in chips) 
Seat 3: Jumby34 (€7.21 in chips) 
Seat 4: chulinho10 (€6.13 in chips) 
Seat 5: NIHHIL0 (€12.97 in chips) 
Seat 6: pipinoelbreve9 (€10.58 in chips) 
LEXTORMUR: posts small blind €0.02
Jumby34: posts big blind €0.05
*** HOLE CARDS ***
Dealt to pipinoelbreve9 [7c 5c]
chulinho10: folds 
NIHHIL0: folds 
pipinoelbreve9: folds 
el_heniek: raises €0.07 to €0.12
LEXTORMUR: folds 
Jumby34: folds 
Uncalled bet (€0.07) returned to el_heniek
el_heniek collected €0.12 from pot
el_heniek: doesn't show hand 
*** SUMMARY ***
Total pot €0.12 | Rake €0 
Seat 1: el_heniek (button) collected (€0.12)
Seat 2: LEXTORMUR (small blind) folded before Flop
Seat 3: Jumby34 (big blind) folded before Flop
Seat 4: chulinho10 folded before Flop (didn't bet)
Seat 5: NIHHIL0 folded before Flop (didn't bet)
Seat 6: pipinoelbreve9 folded before Flop (didn't bet)



PokerStars Zoom Hand #259513529681:  Hold'em No Limit (€0.02/€0.05) - 2026/01/29 22:42:22 CET [2026/01/29 16:42:22 ET]
Table 'Asterope' 6-max Seat #1 is the button
Seat 1: Intraneon (€5.31 in chips) 
Seat 2: tiger-jor (€5.47 in chips) 
Seat 3: pipinoelbreve9 (€10.58 in chips) 
Seat 4: GleQbenny (€6.66 in chips) 
Seat 5: lulula24 (€5 in chips) 
Seat 6: pokerwin86 (€1.93 in chips) 
tiger-jor: posts small blind €0.02
pipinoelbreve9: posts big blind €0.05
*** HOLE CARDS ***
Dealt to pipinoelbreve9 [2c 7s]
GleQbenny: folds 
lulula24: raises €0.10 to €0.15
pokerwin86: raises €0.37 to €0.52
Intraneon: folds 
tiger-jor: folds 
pipinoelbreve9: folds 
lulula24: folds 
Uncalled bet (€0.37) returned to pokerwin86
pokerwin86 collected €0.37 from pot
pokerwin86: doesn't show hand 
*** SUMMARY ***
Total pot €0.37 | Rake €0 
Seat 1: Intraneon (button) folded before Flop (didn't bet)
Seat 2: tiger-jor (small blind) folded before Flop
Seat 3: pipinoelbreve9 (big blind) folded before Flop
Seat 4: GleQbenny folded before Flop (didn't bet)
Seat 5: lulula24 folded before Flop
Seat 6: pokerwin86 collected (€0.37)



PokerStars Zoom Hand #259513534242:  Hold'em No Limit (€0.02/€0.05) - 2026/01/29 22:42:39 CET [2026/01/29 16:42:39 ET]
Table 'Asterope' 6-max Seat #1 is the button
Seat 1: pipinoelbreve9 (€10.53 in chips) 
Seat 2: technoboy72 (€8.74 in chips) 
Seat 3: estraboucha (€3.22 in chips) 
Seat 4: prouchte (€7.08 in chips) 
Seat 5: yogo0707 (€6.15 in chips) 
Seat 6: mmbc44 (€2.38 in chips) 
technoboy72: posts small blind €0.02
estraboucha: posts big blind €0.05
*** HOLE CARDS ***
Dealt to pipinoelbreve9 [Js 7h]
prouchte: folds 
yogo0707: folds 
mmbc44: folds 
pipinoelbreve9: folds 
technoboy72: folds 
Uncalled bet (€0.03) returned to estraboucha
estraboucha collected €0.04 from pot
estraboucha: doesn't show hand 
*** SUMMARY ***
Total pot €0.04 | Rake €0 
Seat 1: pipinoelbreve9 (button) folded before Flop (didn't bet)
Seat 2: technoboy72 (small blind) folded before Flop
Seat 3: estraboucha (big blind) collected (€0.04)
Seat 4: prouchte folded before Flop (didn't bet)
Seat 5: yogo0707 folded before Flop (didn't bet)
Seat 6: mmbc44 folded before Flop (didn't bet)



PokerStars Zoom Hand #259513520591:  Hold'em No Limit (€0.02/€0.05) - 2026/01/29 22:41:46 CET [2026/01/29 16:41:46 ET]
Table 'Asterope' 6-max Seat #1 is the button
Seat 1: pipinoelbreve9 (€10.60 in chips) 
Seat 2: titus&mus (€8.02 in chips) 
Seat 3: el_heniek (€3.88 in chips) 
Seat 4: jepad62 (€2 in chips) 
Seat 5: LeX_SM21 (€2.46 in chips) 
Seat 6: ivansalgueiro (€3.91 in chips) 
titus&mus: posts small blind €0.02
el_heniek: posts big blind €0.05
*** HOLE CARDS ***
Dealt to pipinoelbreve9 [Ac 3d]
jepad62: folds 
LeX_SM21: folds 
ivansalgueiro: calls €0.05
pipinoelbreve9: folds 
titus&mus: raises €0.10 to €0.15
el_heniek: folds 
ivansalgueiro: calls €0.10
*** FLOP *** [Jc Jh 9s]
titus&mus: bets €0.15
ivansalgueiro: calls €0.15
*** TURN *** [Jc Jh 9s] [6h]
titus&mus: bets €0.15
ivansalgueiro: calls €0.15
*** RIVER *** [Jc Jh 9s 6h] [9h]
titus&mus: bets €0.25
ivansalgueiro: raises €3.21 to €3.46 and is all-in
titus&mus: folds 
Uncalled bet (€3.21) returned to ivansalgueiro
ivansalgueiro collected €1.38 from pot
ivansalgueiro: doesn't show hand 
*** SUMMARY ***
Total pot €1.45 | Rake €0.07 
Board [Jc Jh 9s 6h 9h]
Seat 1: pipinoelbreve9 (button) folded before Flop (didn't bet)
Seat 2: titus&mus (small blind) folded on the River
Seat 3: el_heniek (big blind) folded before Flop
Seat 4: jepad62 folded before Flop (didn't bet)
Seat 5: LeX_SM21 folded before Flop (didn't bet)
Seat 6: ivansalgueiro collected (€1.38)



PokerStars Zoom Hand #259513527579:  Hold'em No Limit (€0.02/€0.05) - 2026/01/29 22:42:13 CET [2026/01/29 16:42:13 ET]
Table 'Asterope' 6-max Seat #1 is the button
Seat 1: LuisMatos27 (€5 in chips) 
Seat 2: Cathaysanauz (€5 in chips) 
Seat 3: Angelfs7 (€5.15 in chips) 
Seat 4: pipinoelbreve9 (€10.58 in chips) 
Seat 5: Zico1664 (€2.57 in chips) 
Seat 6: jepad62 (€2 in chips) 
Cathaysanauz: posts small blind €0.02
Angelfs7: posts big blind €0.05
*** HOLE CARDS ***
Dealt to pipinoelbreve9 [Tc 9s]
pipinoelbreve9: folds 
Zico1664: calls €0.05
jepad62: folds 
LuisMatos27: folds 
Cathaysanauz: folds 
Angelfs7: checks 
*** FLOP *** [Jh Kc 5s]
Angelfs7: checks 
Zico1664: checks 
*** TURN *** [Jh Kc 5s] [8c]
Angelfs7: bets €0.11
Zico1664: folds 
Uncalled bet (€0.11) returned to Angelfs7
Angelfs7 collected €0.11 from pot
Angelfs7: doesn't show hand 
*** SUMMARY ***
Total pot €0.12 | Rake €0.01 
Board [Jh Kc 5s 8c]
Seat 1: LuisMatos27 (button) folded before Flop (didn't bet)
Seat 2: Cathaysanauz (small blind) folded before Flop
Seat 3: Angelfs7 (big blind) collected (€0.11)
Seat 4: pipinoelbreve9 folded before Flop (didn't bet)
Seat 5: Zico1664 folded on the Turn
Seat 6: jepad62 folded before Flop (didn't bet)



PokerStars Zoom Hand #259513536900:  Hold'em No Limit (€0.02/€0.05) - 2026/01/29 22:42:49 CET [2026/01/29 16:42:49 ET]
Table 'Asterope' 6-max Seat #1 is the button
Seat 1: ANGELETE AB (€9.80 in chips) 
Seat 2: redwoco (€2.74 in chips) 
Seat 3: titus&mus (€7.32 in chips) 
Seat 4: pipinoelbreve9 (€10.53 in chips) 
Seat 5: daniello7777 (€4.83 in chips) 
Seat 6: kokks2 (€5 in chips) 
redwoco: posts small blind €0.02
titus&mus: posts big blind €0.05
*** HOLE CARDS ***
Dealt to pipinoelbreve9 [5d Kd]
pipinoelbreve9: folds 
daniello7777: folds 
kokks2: folds 
ANGELETE AB: folds 
redwoco: raises €0.20 to €0.25
titus&mus: folds 
Uncalled bet (€0.20) returned to redwoco
redwoco collected €0.10 from pot
redwoco: doesn't show hand 
*** SUMMARY ***
Total pot €0.10 | Rake €0 
Seat 1: ANGELETE AB (button) folded before Flop (didn't bet)
Seat 2: redwoco (small blind) collected (€0.10)
Seat 3: titus&mus (big blind) folded before Flop
Seat 4: pipinoelbreve9 folded before Flop (didn't bet)
Seat 5: daniello7777 folded before Flop (didn't bet)
Seat 6: kokks2 folded before Flop (didn't bet)



PokerStars Zoom Hand #259513538252:  Hold'em No Limit (€0.02/€0.05) - 2026/01/29 22:42:55 CET [2026/01/29 16:42:55 ET]
Table 'Asterope' 6-max Seat #1 is the button
Seat 1: Angelfs7 (€13.89 in chips) 
Seat 2: pipinoelbreve9 (€10.53 in chips) 
Seat 3: Intraneon (€7.05 in chips) 
Seat 4: mmbc44 (€2.38 in chips) 
Seat 5: el_heniek (€7.37 in chips) 
Seat 6: ANGELETE AB (€9.80 in chips) 
pipinoelbreve9: posts small blind €0.02
Intraneon: posts big blind €0.05
*** HOLE CARDS ***
Dealt to pipinoelbreve9 [2s Th]
mmbc44: folds 
el_heniek: folds 
ANGELETE AB: calls €0.05
Angelfs7: folds 
pipinoelbreve9: folds 
Intraneon: checks 
*** FLOP *** [3s 3h Jd]
Intraneon: checks 
ANGELETE AB: checks 
*** TURN *** [3s 3h Jd] [5d]
Intraneon: bets €0.08
ANGELETE AB: calls €0.08
*** RIVER *** [3s 3h Jd 5d] [9d]
Intraneon: checks 
ANGELETE AB: checks 
*** SHOW DOWN ***
Intraneon: shows [5s Qc] (two pair, Fives and Threes)
ANGELETE AB: mucks hand 
Intraneon collected €0.27 from pot
*** SUMMARY ***
Total pot €0.28 | Rake €0.01 
Board [3s 3h Jd 5d 9d]
Seat 1: Angelfs7 (button) folded before Flop (didn't bet)
Seat 2: pipinoelbreve9 (small blind) folded before Flop
Seat 3: Intraneon (big blind) showed [5s Qc] and won (€0.27) with two pair, Fives and Threes
Seat 4: mmbc44 folded before Flop (didn't bet)
Seat 5: el_heniek folded before Flop (didn't bet)
Seat 6: ANGELETE AB mucked [4s Ad]



PokerStars Zoom Hand #259513539791:  Hold'em No Limit (€0.02/€0.05) - 2026/01/29 22:43:01 CET [2026/01/29 16:43:01 ET]
Table 'Asterope' 6-max Seat #1 is the button
Seat 1: pipinoelbreve9 (€10.51 in chips) 
Seat 2: Angelfs7 (€13.89 in chips) 
Seat 3: kaiserr_sose (€4 in chips) 
Seat 4: olijmandrea (€7.34 in chips) 
Seat 5: nellussus (€7.17 in chips) 
Seat 6: Bertinho Gil (€6.06 in chips) 
Angelfs7: posts small blind €0.02
kaiserr_sose: posts big blind €0.05
*** HOLE CARDS ***
Dealt to pipinoelbreve9 [6s Kc]
olijmandrea: folds 
nellussus: raises €0.05 to €0.10
Bertinho Gil: folds 
pipinoelbreve9: folds 
Angelfs7: folds 
kaiserr_sose: folds 
Uncalled bet (€0.05) returned to nellussus
nellussus collected €0.12 from pot
nellussus: doesn't show hand 
*** SUMMARY ***
Total pot €0.12 | Rake €0 
Seat 1: pipinoelbreve9 (button) folded before Flop (didn't bet)
Seat 2: Angelfs7 (small blind) folded before Flop
Seat 3: kaiserr_sose (big blind) folded before Flop
Seat 4: olijmandrea folded before Flop (didn't bet)
Seat 5: nellussus collected (€0.12)
Seat 6: Bertinho Gil folded before Flop (didn't bet)



PokerStars Zoom Hand #259513526589:  Hold'em No Limit (€0.02/€0.05) - 2026/01/29 22:42:09 CET [2026/01/29 16:42:09 ET]
Table 'Asterope' 6-max Seat #1 is the button
Seat 1: frodoh1 (€2.20 in chips) 
Seat 2: pipinoelbreve9 (€10.60 in chips) 
Seat 3: petete659 (€4.23 in chips) 
Seat 4: NIHHIL0 (€5 in chips) 
Seat 5: Brais Noron (€6.17 in chips) 
Seat 6: Bertinho Gil (€5 in chips) 
pipinoelbreve9: posts small blind €0.02
petete659: posts big blind €0.05
*** HOLE CARDS ***
Dealt to pipinoelbreve9 [4h 5s]
NIHHIL0: folds 
Brais Noron: raises €0.10 to €0.15
Bertinho Gil: folds 
frodoh1: calls €0.15
pipinoelbreve9: folds 
petete659: raises €0.45 to €0.60
Brais Noron: calls €0.45
frodoh1: folds 
*** FLOP *** [Jd 3d 5c]
petete659: checks 
Brais Noron: checks 
*** TURN *** [Jd 3d 5c] [Kd]
petete659: bets €0.85
Brais Noron: calls €0.85
*** RIVER *** [Jd 3d 5c Kd] [6s]
petete659: checks 
Brais Noron: bets €0.91
petete659: folds 
Uncalled bet (€0.91) returned to Brais Noron
Brais Noron collected €2.92 from pot
Brais Noron: doesn't show hand 
*** SUMMARY ***
Total pot €3.07 | Rake €0.15 
Board [Jd 3d 5c Kd 6s]
Seat 1: frodoh1 (button) folded before Flop
Seat 2: pipinoelbreve9 (small blind) folded before Flop
Seat 3: petete659 (big blind) folded on the River
Seat 4: NIHHIL0 folded before Flop (didn't bet)
Seat 5: Brais Noron collected (€2.92)
Seat 6: Bertinho Gil folded before Flop (didn't bet)



PokerStars Zoom Hand #259513535400:  Hold'em No Limit (€0.02/€0.05) - 2026/01/29 22:42:43 CET [2026/01/29 16:42:43 ET]
Table 'Asterope' 6-max Seat #1 is the button
Seat 1: Elrubik09 (€4.95 in chips) 
Seat 2: Jumby34 (€8.52 in chips) 
Seat 3: carismanismo (€4.90 in chips) 
Seat 4: chulinho10 (€6.13 in chips) 
Seat 5: pipinoelbreve9 (€10.53 in chips) 
Seat 6: Sophistês (€8.08 in chips) 
Jumby34: posts small blind €0.02
carismanismo: posts big blind €0.05
*** HOLE CARDS ***
Dealt to pipinoelbreve9 [3d Kd]
chulinho10: folds 
pipinoelbreve9: folds 
Sophistês: folds 
Elrubik09: folds 
Jumby34: raises €0.10 to €0.15
carismanismo: raises €0.30 to €0.45
Jumby34: calls €0.30
*** FLOP *** [Jh 3s 5s]
Jumby34: checks 
carismanismo: checks 
*** TURN *** [Jh 3s 5s] [Qh]
Jumby34: bets €1
carismanismo: folds 
Uncalled bet (€1) returned to Jumby34
Jumby34 collected €0.86 from pot
Jumby34: doesn't show hand 
*** SUMMARY ***
Total pot €0.90 | Rake €0.04 
Board [Jh 3s 5s Qh]
Seat 1: Elrubik09 (button) folded before Flop (didn't bet)
Seat 2: Jumby34 (small blind) collected (€0.86)
Seat 3: carismanismo (big blind) folded on the Turn
Seat 4: chulinho10 folded before Flop (didn't bet)
Seat 5: pipinoelbreve9 folded before Flop (didn't bet)
Seat 6: Sophistês folded before Flop (didn't bet)



PokerStars Zoom Hand #259513541817:  Hold'em No Limit (€0.02/€0.05) - 2026/01/29 22:43:08 CET [2026/01/29 16:43:08 ET]
Table 'Asterope' 6-max Seat #1 is the button
Seat 1: Bertinho Gil (€6.13 in chips) 
Seat 2: gusflota (€0.87 in chips) 
Seat 3: pipinoelbreve9 (€10.51 in chips) 
Seat 4: Zico1664 (€2.47 in chips) 
Seat 5: pokerikb (€5.32 in chips) 
Seat 6: LEXTORMUR (€4 in chips) 
gusflota: posts small blind €0.02
pipinoelbreve9: posts big blind €0.05
*** HOLE CARDS ***
Dealt to pipinoelbreve9 [5s 4d]
Zico1664: calls €0.05
pokerikb: folds 
LEXTORMUR: folds 
Bertinho Gil: folds 
gusflota: folds 
pipinoelbreve9: checks 
*** FLOP *** [Jh Ts 7s]
pipinoelbreve9: checks 
Zico1664: bets €0.06
pipinoelbreve9: folds 
Uncalled bet (€0.06) returned to Zico1664
Zico1664 collected €0.11 from pot
Zico1664: doesn't show hand 
*** SUMMARY ***
Total pot €0.12 | Rake €0.01 
Board [Jh Ts 7s]
Seat 1: Bertinho Gil (button) folded before Flop (didn't bet)
Seat 2: gusflota (small blind) folded before Flop
Seat 3: pipinoelbreve9 (big blind) folded on the Flop
Seat 4: Zico1664 collected (€0.11)
Seat 5: pokerikb folded before Flop (didn't bet)
Seat 6: LEXTORMUR folded before Flop (didn't bet)



PokerStars Zoom Hand #259513551489:  Hold'em No Limit (€0.02/€0.05) - 2026/01/29 22:43:46 CET [2026/01/29 16:43:46 ET]
Table 'Asterope' 6-max Seat #1 is the button
Seat 1: Sophistês (€8.16 in chips) 
Seat 2: JohnnyDealer05 (€3.72 in chips) 
Seat 3: el_heniek (€5.10 in chips) 
Seat 4: pipinoelbreve9 (€10.46 in chips) 
Seat 5: L4B4R1K (€1.32 in chips) 
Seat 6: mmbc44 (€2.31 in chips) 
JohnnyDealer05: posts small blind €0.02
el_heniek: posts big blind €0.05
*** HOLE CARDS ***
Dealt to pipinoelbreve9 [6c 8d]
pipinoelbreve9: folds 
L4B4R1K: folds 
mmbc44: folds 
Sophistês: folds 
JohnnyDealer05: folds 
Uncalled bet (€0.03) returned to el_heniek
el_heniek collected €0.04 from pot
el_heniek: doesn't show hand 
*** SUMMARY ***
Total pot €0.04 | Rake €0 
Seat 1: Sophistês (button) folded before Flop (didn't bet)
Seat 2: JohnnyDealer05 (small blind) folded before Flop
Seat 3: el_heniek (big blind) collected (€0.04)
Seat 4: pipinoelbreve9 folded before Flop (didn't bet)
Seat 5: L4B4R1K folded before Flop (didn't bet)
Seat 6: mmbc44 folded before Flop (didn't bet)



PokerStars Zoom Hand #259513550547:  Hold'em No Limit (€0.02/€0.05) - 2026/01/29 22:43:43 CET [2026/01/29 16:43:43 ET]
Table 'Asterope' 6-max Seat #1 is the button
Seat 1: tiger-jor (€5.69 in chips) 
Seat 2: yogo0707 (€5 in chips) 
Seat 3: correcamiños (€6.37 in chips) 
Seat 4: NIHHIL0 (€12.07 in chips) 
Seat 5: pipinoelbreve9 (€10.46 in chips) 
Seat 6: Dragusin (€5.78 in chips) 
yogo0707: posts small blind €0.02
correcamiños: posts big blind €0.05
*** HOLE CARDS ***
Dealt to pipinoelbreve9 [Ts 8d]
NIHHIL0: folds 
pipinoelbreve9: folds 
Dragusin: folds 
tiger-jor: folds 
yogo0707: raises €0.10 to €0.15
correcamiños: folds 
Uncalled bet (€0.10) returned to yogo0707
yogo0707 collected €0.10 from pot
yogo0707: doesn't show hand 
*** SUMMARY ***
Total pot €0.10 | Rake €0 
Seat 1: tiger-jor (button) folded before Flop (didn't bet)
Seat 2: yogo0707 (small blind) collected (€0.10)
Seat 3: correcamiños (big blind) folded before Flop
Seat 4: NIHHIL0 folded before Flop (didn't bet)
Seat 5: pipinoelbreve9 folded before Flop (didn't bet)
Seat 6: Dragusin folded before Flop (didn't bet)



PokerStars Zoom Hand #259513549258:  Hold'em No Limit (€0.02/€0.05) - 2026/01/29 22:43:38 CET [2026/01/29 16:43:38 ET]
Table 'Asterope' 6-max Seat #1 is the button
Seat 1: mmbc44 (€2.31 in chips) 
Seat 2: daniello7777 (€5.01 in chips) 
Seat 3: martingebar (€9.37 in chips) 
Seat 4: ZixZ596 (€1.29 in chips) 
Seat 5: Intraneon (€8.40 in chips) 
Seat 6: pipinoelbreve9 (€10.46 in chips) 
daniello7777: posts small blind €0.02
martingebar: posts big blind €0.05
*** HOLE CARDS ***
Dealt to pipinoelbreve9 [6c 4s]
ZixZ596: calls €0.05
Intraneon: folds 
pipinoelbreve9: folds 
mmbc44: folds 
daniello7777: folds 
martingebar: checks 
*** FLOP *** [3c 5d 5h]
martingebar: checks 
ZixZ596: checks 
*** TURN *** [3c 5d 5h] [Ah]
martingebar: checks 
ZixZ596: checks 
*** RIVER *** [3c 5d 5h Ah] [9d]
martingebar: checks 
ZixZ596: checks 
*** SHOW DOWN ***
martingebar: shows [7h Qc] (a pair of Fives)
ZixZ596: mucks hand 
martingebar collected €0.11 from pot
*** SUMMARY ***
Total pot €0.12 | Rake €0.01 
Board [3c 5d 5h Ah 9d]
Seat 1: mmbc44 (button) folded before Flop (didn't bet)
Seat 2: daniello7777 (small blind) folded before Flop
Seat 3: martingebar (big blind) showed [7h Qc] and won (€0.11) with a pair of Fives
Seat 4: ZixZ596 mucked [Tc Jd]
Seat 5: Intraneon folded before Flop (didn't bet)
Seat 6: pipinoelbreve9 folded before Flop (didn't bet)



PokerStars Zoom Hand #259513553051:  Hold'em No Limit (€0.02/€0.05) - 2026/01/29 22:43:53 CET [2026/01/29 16:43:53 ET]
Table 'Asterope' 6-max Seat #1 is the button
Seat 1: mmbc44 (€2.35 in chips) 
Seat 2: Bertinho Gil (€4.95 in chips) 
Seat 3: Jumby34 (€8.90 in chips) 
Seat 4: el_heniek (€7.44 in chips) 
Seat 5: nellussus (€16.89 in chips) 
Seat 6: pipinoelbreve9 (€10.46 in chips) 
Bertinho Gil: posts small blind €0.02
Jumby34: posts big blind €0.05
*** HOLE CARDS ***
Dealt to pipinoelbreve9 [9d Tc]
el_heniek: folds 
nellussus: folds 
pipinoelbreve9: folds 
mmbc44: folds 
Bertinho Gil: folds 
Uncalled bet (€0.03) returned to Jumby34
Jumby34 collected €0.04 from pot
Jumby34: doesn't show hand 
*** SUMMARY ***
Total pot €0.04 | Rake €0 
Seat 1: mmbc44 (button) folded before Flop (didn't bet)
Seat 2: Bertinho Gil (small blind) folded before Flop
Seat 3: Jumby34 (big blind) collected (€0.04)
Seat 4: el_heniek folded before Flop (didn't bet)
Seat 5: nellussus folded before Flop (didn't bet)
Seat 6: pipinoelbreve9 folded before Flop (didn't bet)



PokerStars Zoom Hand #259513554262:  Hold'em No Limit (€0.02/€0.05) - 2026/01/29 22:43:57 CET [2026/01/29 16:43:57 ET]
Table 'Asterope' 6-max Seat #1 is the button
Seat 1: estraboucha (€3.38 in chips) 
Seat 2: pipinoelbreve9 (€10.46 in chips) 
Seat 3: correcamiños (€5 in chips) 
Seat 4: L4B4R1K (€1.32 in chips) 
Seat 5: daniello7777 (€4.99 in chips) 
Seat 6: Master220 (€2.48 in chips) 
pipinoelbreve9: posts small blind €0.02
correcamiños: posts big blind €0.05
*** HOLE CARDS ***
Dealt to pipinoelbreve9 [9c As]
L4B4R1K: folds 
daniello7777: folds 
Master220: calls €0.05
estraboucha: calls €0.05
pipinoelbreve9: raises €0.30 to €0.35
correcamiños: folds 
Master220: calls €0.30
estraboucha: folds 
*** FLOP *** [3h 4d Qd]
pipinoelbreve9: bets €0.25
Master220: raises €1.26 to €1.51
pipinoelbreve9: folds 
Uncalled bet (€1.26) returned to Master220
Master220 collected €1.24 from pot
Master220: doesn't show hand 
*** SUMMARY ***
Total pot €1.30 | Rake €0.06 
Board [3h 4d Qd]
Seat 1: estraboucha (button) folded before Flop
Seat 2: pipinoelbreve9 (small blind) folded on the Flop
Seat 3: correcamiños (big blind) folded before Flop
Seat 4: L4B4R1K folded before Flop (didn't bet)
Seat 5: daniello7777 folded before Flop (didn't bet)
Seat 6: Master220 collected (€1.24)



PokerStars Zoom Hand #259513560838:  Hold'em No Limit (€0.02/€0.05) - 2026/01/29 22:44:23 CET [2026/01/29 16:44:23 ET]
Table 'Asterope' 6-max Seat #1 is the button
Seat 1: pipinoelbreve9 (€9.86 in chips) 
Seat 2: PerraTragas (€21.28 in chips) 
Seat 3: nellussus (€7.20 in chips) 
Seat 4: technoboy72 (€8.79 in chips) 
Seat 5: txiskius (€8.69 in chips) 
Seat 6: redwoco (€5.80 in chips) 
PerraTragas: posts small blind €0.02
nellussus: posts big blind €0.05
*** HOLE CARDS ***
Dealt to pipinoelbreve9 [Qh Js]
technoboy72: folds 
txiskius: folds 
redwoco: folds 
pipinoelbreve9: raises €0.07 to €0.12
PerraTragas: folds 
nellussus: calls €0.07
*** FLOP *** [7d Ad Ks]
nellussus: checks 
pipinoelbreve9: bets €0.08
nellussus: folds 
Uncalled bet (€0.08) returned to pipinoelbreve9
pipinoelbreve9 collected €0.25 from pot
pipinoelbreve9: doesn't show hand 
*** SUMMARY ***
Total pot €0.26 | Rake €0.01 
Board [7d Ad Ks]
Seat 1: pipinoelbreve9 (button) collected (€0.25)
Seat 2: PerraTragas (small blind) folded before Flop
Seat 3: nellussus (big blind) folded on the Flop
Seat 4: technoboy72 folded before Flop (didn't bet)
Seat 5: txiskius folded before Flop (didn't bet)
Seat 6: redwoco folded before Flop (didn't bet)



