PokerStars Zoom Hand #259377247937:  Hold'em No Limit (€0.02/€0.05) - 2026/01/19 16:56:52 CET [2026/01/19 10:56:52 ET]
Table 'Asterope' 6-max Seat #1 is the button
Seat 1: oscarodfdz (€4.80 in chips) 
Seat 2: stef5108 (€2.90 in chips) 
Seat 3: pipinoelbreve9 (€5 in chips) 
Seat 4: tientoAl2 (€6.11 in chips) 
Seat 5: rex14s (€5.51 in chips) 
Seat 6: ginodeon (€4.52 in chips) 
stef5108: posts small blind €0.02
pipinoelbreve9: posts big blind €0.05
*** HOLE CARDS ***
Dealt to pipinoelbreve9 [6h Td]
tientoAl2: folds 
rex14s: raises €0.10 to €0.15
ginodeon: raises €0.40 to €0.55
oscarodfdz: folds 
stef5108: folds 
pipinoelbreve9: folds 
rex14s: folds 
Uncalled bet (€0.40) returned to ginodeon
ginodeon collected €0.37 from pot
ginodeon: doesn't show hand 
*** SUMMARY ***
Total pot €0.37 | Rake €0 
Seat 1: oscarodfdz (button) folded before Flop (didn't bet)
Seat 2: stef5108 (small blind) folded before Flop
Seat 3: pipinoelbreve9 (big blind) folded before Flop
Seat 4: tientoAl2 folded before Flop (didn't bet)
Seat 5: rex14s folded before Flop
Seat 6: ginodeon collected (€0.37)



PokerStars Zoom Hand #259377248848:  Hold'em No Limit (€0.02/€0.05) - 2026/01/19 16:56:59 CET [2026/01/19 10:56:59 ET]
Table 'Asterope' 6-max Seat #1 is the button
Seat 1: QUIQUE JONES (€1.85 in chips) 
Seat 2: pipinoelbreve9 (€5 in chips) 
Seat 3: tientoAl2 (€6.11 in chips) 
Seat 4: TiraFinos94 (€5.29 in chips) 
Seat 5: Nimed (€5.28 in chips) 
Seat 6: fazer54000 (€3.98 in chips) 
pipinoelbreve9: posts small blind €0.02
tientoAl2: posts big blind €0.05
*** HOLE CARDS ***
Dealt to pipinoelbreve9 [Kc 7h]
TiraFinos94: folds 
Nimed: folds 
fazer54000: folds 
QUIQUE JONES: raises €0.05 to €0.10
pipinoelbreve9: folds 
tientoAl2: calls €0.05
*** FLOP *** [Th 9h 6h]
tientoAl2: checks 
QUIQUE JONES: checks 
*** TURN *** [Th 9h 6h] [Js]
tientoAl2: checks 
QUIQUE JONES: bets €0.05
tientoAl2: calls €0.05
*** RIVER *** [Th 9h 6h Js] [3h]
tientoAl2: checks 
QUIQUE JONES: checks 
*** SHOW DOWN ***
tientoAl2: shows [4s 4c] (a pair of Fours)
QUIQUE JONES: shows [Td Ts] (three of a kind, Tens)
QUIQUE JONES collected €0.30 from pot
*** SUMMARY ***
Total pot €0.32 | Rake €0.02 
Board [Th 9h 6h Js 3h]
Seat 1: QUIQUE JONES (button) showed [Td Ts] and won (€0.30) with three of a kind, Tens
Seat 2: pipinoelbreve9 (small blind) folded before Flop
Seat 3: tientoAl2 (big blind) showed [4s 4c] and lost with a pair of Fours
Seat 4: TiraFinos94 folded before Flop (didn't bet)
Seat 5: Nimed folded before Flop (didn't bet)
Seat 6: fazer54000 folded before Flop (didn't bet)



PokerStars Zoom Hand #259377250731:  Hold'em No Limit (€0.02/€0.05) - 2026/01/19 16:57:13 CET [2026/01/19 10:57:13 ET]
Table 'Asterope' 6-max Seat #1 is the button
Seat 1: pipinoelbreve9 (€5 in chips) 
Seat 2: Moncerrate42 (€5.18 in chips) 
Seat 3: mentalist1479 (€4.57 in chips) 
Seat 4: jafonsso (€8.46 in chips) 
Seat 5: ginodeon (€5.28 in chips) 
Seat 6: hernandS&G (€5.54 in chips) 
Moncerrate42: posts small blind €0.02
mentalist1479: posts big blind €0.05
*** HOLE CARDS ***
Dealt to pipinoelbreve9 [Qc 4c]
jafonsso: folds 
ginodeon: raises €0.10 to €0.15
hernandS&G: raises €0.31 to €0.46
pipinoelbreve9: folds 
Moncerrate42: folds 
mentalist1479: folds 
ginodeon: folds 
Uncalled bet (€0.31) returned to hernandS&G
hernandS&G collected €0.37 from pot
hernandS&G: doesn't show hand 
*** SUMMARY ***
Total pot €0.37 | Rake €0 
Seat 1: pipinoelbreve9 (button) folded before Flop (didn't bet)
Seat 2: Moncerrate42 (small blind) folded before Flop
Seat 3: mentalist1479 (big blind) folded before Flop
Seat 4: jafonsso folded before Flop (didn't bet)
Seat 5: ginodeon folded before Flop
Seat 6: hernandS&G collected (€0.37)



PokerStars Zoom Hand #259377252572:  Hold'em No Limit (€0.02/€0.05) - 2026/01/19 16:57:27 CET [2026/01/19 10:57:27 ET]
Table 'Asterope' 6-max Seat #1 is the button
Seat 1: olijmandrea (€5.93 in chips) 
Seat 2: Darkmiau (€5.36 in chips) 
Seat 3: technoboy72 (€9.73 in chips) 
Seat 4: el_heniek (€4.86 in chips) 
Seat 5: pipinoelbreve9 (€5 in chips) 
Seat 6: CaputMuck (€5.19 in chips) 
Darkmiau: posts small blind €0.02
technoboy72: posts big blind €0.05
*** HOLE CARDS ***
Dealt to pipinoelbreve9 [Js 2h]
el_heniek: folds 
pipinoelbreve9: folds 
CaputMuck: folds 
olijmandrea: folds 
Darkmiau: folds 
Uncalled bet (€0.03) returned to technoboy72
technoboy72 collected €0.04 from pot
technoboy72: doesn't show hand 
*** SUMMARY ***
Total pot €0.04 | Rake €0 
Seat 1: olijmandrea (button) folded before Flop (didn't bet)
Seat 2: Darkmiau (small blind) folded before Flop
Seat 3: technoboy72 (big blind) collected (€0.04)
Seat 4: el_heniek folded before Flop (didn't bet)
Seat 5: pipinoelbreve9 folded before Flop (didn't bet)
Seat 6: CaputMuck folded before Flop (didn't bet)



PokerStars Zoom Hand #259377253594:  Hold'em No Limit (€0.02/€0.05) - 2026/01/19 16:57:34 CET [2026/01/19 10:57:34 ET]
Table 'Asterope' 6-max Seat #1 is the button
Seat 1: olijmandrea (€5.93 in chips) 
Seat 2: NCabral_SCP (€1.76 in chips) 
Seat 3: solrakcs (€5 in chips) 
Seat 4: mentalist1479 (€4.52 in chips) 
Seat 5: Bertinho Gil (€6.46 in chips) 
Seat 6: pipinoelbreve9 (€5 in chips) 
NCabral_SCP: posts small blind €0.02
solrakcs: posts big blind €0.05
*** HOLE CARDS ***
Dealt to pipinoelbreve9 [7d Th]
mentalist1479: folds 
Bertinho Gil: folds 
pipinoelbreve9: folds 
olijmandrea: folds 
NCabral_SCP: folds 
Uncalled bet (€0.03) returned to solrakcs
solrakcs collected €0.04 from pot
solrakcs: doesn't show hand 
*** SUMMARY ***
Total pot €0.04 | Rake €0 
Seat 1: olijmandrea (button) folded before Flop (didn't bet)
Seat 2: NCabral_SCP (small blind) folded before Flop
Seat 3: solrakcs (big blind) collected (€0.04)
Seat 4: mentalist1479 folded before Flop (didn't bet)
Seat 5: Bertinho Gil folded before Flop (didn't bet)
Seat 6: pipinoelbreve9 folded before Flop (didn't bet)



PokerStars Zoom Hand #259377254247:  Hold'em No Limit (€0.02/€0.05) - 2026/01/19 16:57:39 CET [2026/01/19 10:57:39 ET]
Table 'Asterope' 6-max Seat #1 is the button
Seat 1: NCabral_SCP (€1.74 in chips) 
Seat 2: Markpartebragas (€8.34 in chips) 
Seat 3: pipinoelbreve9 (€5 in chips) 
Seat 4: Nastqecs (€4.74 in chips) 
Seat 5: olijmandrea (€5.93 in chips) 
Seat 6: kombei63 (€2.13 in chips) 
Markpartebragas: posts small blind €0.02
pipinoelbreve9: posts big blind €0.05
*** HOLE CARDS ***
Dealt to pipinoelbreve9 [3d 5s]
Nastqecs: folds 
olijmandrea: raises €0.05 to €0.10
kombei63: folds 
NCabral_SCP: folds 
Markpartebragas: folds 
pipinoelbreve9: folds 
Uncalled bet (€0.05) returned to olijmandrea
olijmandrea collected €0.12 from pot
olijmandrea: doesn't show hand 
*** SUMMARY ***
Total pot €0.12 | Rake €0 
Seat 1: NCabral_SCP (button) folded before Flop (didn't bet)
Seat 2: Markpartebragas (small blind) folded before Flop
Seat 3: pipinoelbreve9 (big blind) folded before Flop
Seat 4: Nastqecs folded before Flop (didn't bet)
Seat 5: olijmandrea collected (€0.12)
Seat 6: kombei63 folded before Flop (didn't bet)



PokerStars Zoom Hand #259377255121:  Hold'em No Limit (€0.02/€0.05) - 2026/01/19 16:57:45 CET [2026/01/19 10:57:45 ET]
Table 'Asterope' 6-max Seat #1 is the button
Seat 1: CaputMuck (€5.17 in chips) 
Seat 2: pipinoelbreve9 (€5 in chips) 
Seat 3: fazer54000 (€3.93 in chips) 
Seat 4: Nastqecs (€4.74 in chips) 
Seat 5: Moncerrate42 (€5.04 in chips) 
Seat 6: pikito86 (€1.23 in chips) 
pipinoelbreve9: posts small blind €0.02
fazer54000: posts big blind €0.05
*** HOLE CARDS ***
Dealt to pipinoelbreve9 [2s 3d]
Nastqecs: folds 
Moncerrate42: folds 
pikito86: folds 
CaputMuck: raises €0.07 to €0.12
pipinoelbreve9: folds 
fazer54000: calls €0.07
*** FLOP *** [3s Kh 7h]
fazer54000: checks 
CaputMuck: bets €0.13
fazer54000: folds 
Uncalled bet (€0.13) returned to CaputMuck
CaputMuck collected €0.25 from pot
CaputMuck: doesn't show hand 
*** SUMMARY ***
Total pot €0.26 | Rake €0.01 
Board [3s Kh 7h]
Seat 1: CaputMuck (button) collected (€0.25)
Seat 2: pipinoelbreve9 (small blind) folded before Flop
Seat 3: fazer54000 (big blind) folded on the Flop
Seat 4: Nastqecs folded before Flop (didn't bet)
Seat 5: Moncerrate42 folded before Flop (didn't bet)
Seat 6: pikito86 folded before Flop (didn't bet)



PokerStars Zoom Hand #259377255650:  Hold'em No Limit (€0.02/€0.05) - 2026/01/19 16:57:49 CET [2026/01/19 10:57:49 ET]
Table 'Asterope' 6-max Seat #1 is the button
Seat 1: pipinoelbreve9 (€5 in chips) 
Seat 2: xaval01 (€5.02 in chips) 
Seat 3: Nastqecs (€4.74 in chips) 
Seat 4: ABpok77 (€1.73 in chips) 
Seat 5: pikito86 (€1.23 in chips) 
Seat 6: NCabral_SCP (€1.74 in chips) 
xaval01: posts small blind €0.02
Nastqecs: posts big blind €0.05
*** HOLE CARDS ***
Dealt to pipinoelbreve9 [8c 5c]
ABpok77: folds 
pikito86: calls €0.05
NCabral_SCP: folds 
pipinoelbreve9: calls €0.05
xaval01: calls €0.03
Nastqecs: checks 
*** FLOP *** [2h Th 5s]
xaval01: checks 
Nastqecs: checks 
pikito86: checks 
pipinoelbreve9: checks 
*** TURN *** [2h Th 5s] [Ts]
xaval01: checks 
Nastqecs: bets €0.10
pikito86: folds 
pipinoelbreve9: calls €0.10
xaval01: calls €0.10
*** RIVER *** [2h Th 5s Ts] [9d]
xaval01: checks 
Nastqecs: checks 
pipinoelbreve9: checks 
*** SHOW DOWN ***
xaval01: shows [3d As] (a pair of Tens)
Nastqecs: mucks hand 
pipinoelbreve9: shows [8c 5c] (two pair, Tens and Fives)
pipinoelbreve9 collected €0.48 from pot
*** SUMMARY ***
Total pot €0.50 | Rake €0.02 
Board [2h Th 5s Ts 9d]
Seat 1: pipinoelbreve9 (button) showed [8c 5c] and won (€0.48) with two pair, Tens and Fives
Seat 2: xaval01 (small blind) showed [3d As] and lost with a pair of Tens
Seat 3: Nastqecs (big blind) mucked [6d Qc]
Seat 4: ABpok77 folded before Flop (didn't bet)
Seat 5: pikito86 folded on the Turn
Seat 6: NCabral_SCP folded before Flop (didn't bet)



PokerStars Zoom Hand #259377264573:  Hold'em No Limit (€0.02/€0.05) - 2026/01/19 16:58:55 CET [2026/01/19 10:58:55 ET]
Table 'Asterope' 6-max Seat #1 is the button
Seat 1: kurekuro (€5.87 in chips) 
Seat 2: Beto_Mdrz (€4.63 in chips) 
Seat 3: alexzh66 (€7.25 in chips) 
Seat 4: hernandS&G (€5.95 in chips) 
Seat 5: pipinoelbreve9 (€5.33 in chips) 
Seat 6: gusflota (€2 in chips) 
Beto_Mdrz: posts small blind €0.02
alexzh66: posts big blind €0.05
*** HOLE CARDS ***
Dealt to pipinoelbreve9 [Qc Js]
hernandS&G: folds 
pipinoelbreve9: raises €0.07 to €0.12
gusflota: folds 
kurekuro: folds 
Beto_Mdrz: folds 
alexzh66: folds 
Uncalled bet (€0.07) returned to pipinoelbreve9
pipinoelbreve9 collected €0.12 from pot
pipinoelbreve9: doesn't show hand 
*** SUMMARY ***
Total pot €0.12 | Rake €0 
Seat 1: kurekuro (button) folded before Flop (didn't bet)
Seat 2: Beto_Mdrz (small blind) folded before Flop
Seat 3: alexzh66 (big blind) folded before Flop
Seat 4: hernandS&G folded before Flop (didn't bet)
Seat 5: pipinoelbreve9 collected (€0.12)
Seat 6: gusflota folded before Flop (didn't bet)



PokerStars Zoom Hand #259377267187:  Hold'em No Limit (€0.02/€0.05) - 2026/01/19 16:59:14 CET [2026/01/19 10:59:14 ET]
Table 'Asterope' 6-max Seat #1 is the button
Seat 1: losi10 (€0.70 in chips) 
Seat 2: pikito86 (€1.32 in chips) 
Seat 3: pipinoelbreve9 (€5.40 in chips) 
Seat 4: gusflota (€2.02 in chips) 
Seat 5: Patxoca (€6.54 in chips) 
Seat 6: el_heniek (€4.04 in chips) 
pikito86: posts small blind €0.02
pipinoelbreve9: posts big blind €0.05
*** HOLE CARDS ***
Dealt to pipinoelbreve9 [Qd 7s]
gusflota: folds 
Patxoca: raises €0.12 to €0.17
el_heniek: folds 
losi10: folds 
pikito86: folds 
pipinoelbreve9: folds 
Uncalled bet (€0.12) returned to Patxoca
Patxoca collected €0.12 from pot
Patxoca: doesn't show hand 
*** SUMMARY ***
Total pot €0.12 | Rake €0 
Seat 1: losi10 (button) folded before Flop (didn't bet)
Seat 2: pikito86 (small blind) folded before Flop
Seat 3: pipinoelbreve9 (big blind) folded before Flop
Seat 4: gusflota folded before Flop (didn't bet)
Seat 5: Patxoca collected (€0.12)
Seat 6: el_heniek folded before Flop (didn't bet)



PokerStars Zoom Hand #259377269591:  Hold'em No Limit (€0.02/€0.05) - 2026/01/19 16:59:32 CET [2026/01/19 10:59:32 ET]
Table 'Asterope' 6-max Seat #1 is the button
Seat 1: fazer54000 (€3.71 in chips) 
Seat 2: eljesus996 (€25.28 in chips) 
Seat 3: el_heniek (€4.04 in chips) 
Seat 4: Zz8crackS (€5.13 in chips) 
Seat 5: pipinoelbreve9 (€5.35 in chips) 
Seat 6: nicalomano (€5 in chips) 
eljesus996: posts small blind €0.02
el_heniek: posts big blind €0.05
*** HOLE CARDS ***
Dealt to pipinoelbreve9 [6h 4s]
Zz8crackS: folds 
pipinoelbreve9: folds 
nicalomano: raises €0.07 to €0.12
fazer54000: folds 
eljesus996: folds 
el_heniek: folds 
Uncalled bet (€0.07) returned to nicalomano
nicalomano collected €0.12 from pot
nicalomano: doesn't show hand 
*** SUMMARY ***
Total pot €0.12 | Rake €0 
Seat 1: fazer54000 (button) folded before Flop (didn't bet)
Seat 2: eljesus996 (small blind) folded before Flop
Seat 3: el_heniek (big blind) folded before Flop
Seat 4: Zz8crackS folded before Flop (didn't bet)
Seat 5: pipinoelbreve9 folded before Flop (didn't bet)
Seat 6: nicalomano collected (€0.12)



PokerStars Zoom Hand #259377263931:  Hold'em No Limit (€0.02/€0.05) - 2026/01/19 16:58:50 CET [2026/01/19 10:58:50 ET]
Table 'Asterope' 6-max Seat #1 is the button
Seat 1: Tapadino (€4.68 in chips) 
Seat 2: sim19ks (€5.98 in chips) 
Seat 3: Ischadia (€5 in chips) 
Seat 4: douny35 (€6.41 in chips) 
Seat 5: toxinho35 (€3.92 in chips) 
Seat 6: pipinoelbreve9 (€5.33 in chips) 
sim19ks: posts small blind €0.02
Ischadia: posts big blind €0.05
*** HOLE CARDS ***
Dealt to pipinoelbreve9 [6h 5d]
douny35: folds 
toxinho35: folds 
pipinoelbreve9: folds 
Tapadino: raises €0.10 to €0.15
sim19ks: raises €0.30 to €0.45
Ischadia: folds 
Tapadino: calls €0.30
*** FLOP *** [Ts 3d Jd]
sim19ks: bets €0.30
Tapadino: calls €0.30
*** TURN *** [Ts 3d Jd] [Tc]
sim19ks: checks 
Tapadino: checks 
*** RIVER *** [Ts 3d Jd Tc] [5h]
sim19ks: checks 
Tapadino: bets €0.89
sim19ks: calls €0.89
*** SHOW DOWN ***
Tapadino: shows [9h Qh] (a pair of Tens)
sim19ks: shows [Jh Ks] (two pair, Jacks and Tens)
sim19ks collected €3.16 from pot
*** SUMMARY ***
Total pot €3.33 | Rake €0.17 
Board [Ts 3d Jd Tc 5h]
Seat 1: Tapadino (button) showed [9h Qh] and lost with a pair of Tens
Seat 2: sim19ks (small blind) showed [Jh Ks] and won (€3.16) with two pair, Jacks and Tens
Seat 3: Ischadia (big blind) folded before Flop
Seat 4: douny35 folded before Flop (didn't bet)
Seat 5: toxinho35 folded before Flop (didn't bet)
Seat 6: pipinoelbreve9 folded before Flop (didn't bet)



PokerStars Zoom Hand #259377270893:  Hold'em No Limit (€0.02/€0.05) - 2026/01/19 16:59:42 CET [2026/01/19 10:59:42 ET]
Table 'Asterope' 6-max Seat #1 is the button
Seat 1: pipinoelbreve9 (€5.35 in chips) 
Seat 2: QUIQUE JONES (€1.90 in chips) 
Seat 3: volcanos10 (€4.11 in chips) 
Seat 4: fazer54000 (€3.71 in chips) 
Seat 5: Ischadia (€5.19 in chips) 
Seat 6: Bertinho Gil (€6.29 in chips) 
QUIQUE JONES: posts small blind €0.02
volcanos10: posts big blind €0.05
*** HOLE CARDS ***
Dealt to pipinoelbreve9 [Kd Ac]
fazer54000: raises €0.05 to €0.10
Ischadia: folds 
Bertinho Gil: folds 
pipinoelbreve9: raises €0.15 to €0.25
QUIQUE JONES: folds 
volcanos10: calls €0.20
fazer54000: calls €0.15
*** FLOP *** [Qs Tc Jd]
volcanos10: checks 
fazer54000: checks 
pipinoelbreve9: bets €0.24
volcanos10: folds 
fazer54000: calls €0.24
*** TURN *** [Qs Tc Jd] [As]
fazer54000: checks 
pipinoelbreve9: bets €0.39
fazer54000: folds 
Uncalled bet (€0.39) returned to pipinoelbreve9
pipinoelbreve9 collected €1.19 from pot
pipinoelbreve9: doesn't show hand 
*** SUMMARY ***
Total pot €1.25 | Rake €0.06 
Board [Qs Tc Jd As]
Seat 1: pipinoelbreve9 (button) collected (€1.19)
Seat 2: QUIQUE JONES (small blind) folded before Flop
Seat 3: volcanos10 (big blind) folded on the Flop
Seat 4: fazer54000 folded on the Turn
Seat 5: Ischadia folded before Flop (didn't bet)
Seat 6: Bertinho Gil folded before Flop (didn't bet)



PokerStars Zoom Hand #259377278014:  Hold'em No Limit (€0.02/€0.05) - 2026/01/19 17:00:34 CET [2026/01/19 11:00:34 ET]
Table 'Asterope' 6-max Seat #1 is the button
Seat 1: douny35 (€6.25 in chips) 
Seat 2: pipinoelbreve9 (€6.05 in chips) 
Seat 3: xanly (€2.27 in chips) 
Seat 4: Moncerrate42 (€5 in chips) 
Seat 5: FllanosB (€9.65 in chips) 
Seat 6: kurekuro (€6.38 in chips) 
pipinoelbreve9: posts small blind €0.02
xanly: posts big blind €0.05
*** HOLE CARDS ***
Dealt to pipinoelbreve9 [Ad 4h]
Moncerrate42: raises €0.05 to €0.10
FllanosB: folds 
kurekuro: folds 
douny35: raises €6.15 to €6.25 and is all-in
pipinoelbreve9: folds 
xanly: folds 
Moncerrate42: folds 
Uncalled bet (€6.15) returned to douny35
douny35 collected €0.27 from pot
douny35: doesn't show hand 
*** SUMMARY ***
Total pot €0.27 | Rake €0 
Seat 1: douny35 (button) collected (€0.27)
Seat 2: pipinoelbreve9 (small blind) folded before Flop
Seat 3: xanly (big blind) folded before Flop
Seat 4: Moncerrate42 folded before Flop
Seat 5: FllanosB folded before Flop (didn't bet)
Seat 6: kurekuro folded before Flop (didn't bet)



PokerStars Zoom Hand #259377279997:  Hold'em No Limit (€0.02/€0.05) - 2026/01/19 17:00:48 CET [2026/01/19 11:00:48 ET]
Table 'Asterope' 6-max Seat #1 is the button
Seat 1: Markpartebragas (€8.01 in chips) 
Seat 2: Nimed (€5.95 in chips) 
Seat 3: TiraFinos94 (€5 in chips) 
Seat 4: pipinoelbreve9 (€6.03 in chips) 
Seat 5: kombei63 (€2.06 in chips) 
Seat 6: FllanosB (€9.63 in chips) 
Nimed: posts small blind €0.02
TiraFinos94: posts big blind €0.05
*** HOLE CARDS ***
Dealt to pipinoelbreve9 [Ac Kc]
pipinoelbreve9: raises €0.07 to €0.12
kombei63: folds 
FllanosB: calls €0.12
Markpartebragas: folds 
Nimed: folds 
TiraFinos94: folds 
*** FLOP *** [6c 4h 5d]
pipinoelbreve9: checks 
FllanosB: checks 
*** TURN *** [6c 4h 5d] [Qh]
pipinoelbreve9: bets €0.10
FllanosB: raises €0.44 to €0.54
pipinoelbreve9: folds 
Uncalled bet (€0.44) returned to FllanosB
FllanosB collected €0.48 from pot
FllanosB: doesn't show hand 
*** SUMMARY ***
Total pot €0.51 | Rake €0.03 
Board [6c 4h 5d Qh]
Seat 1: Markpartebragas (button) folded before Flop (didn't bet)
Seat 2: Nimed (small blind) folded before Flop
Seat 3: TiraFinos94 (big blind) folded before Flop
Seat 4: pipinoelbreve9 folded on the Turn
Seat 5: kombei63 folded before Flop (didn't bet)
Seat 6: FllanosB collected (€0.48)



PokerStars Zoom Hand #259377287503:  Hold'em No Limit (€0.02/€0.05) - 2026/01/19 17:01:35 CET [2026/01/19 11:01:35 ET]
Table 'Asterope' 6-max Seat #1 is the button
Seat 1: lkbIbgz (€8.18 in chips) 
Seat 2: Beto_Mdrz (€4.09 in chips) 
Seat 3: hernandS&G (€5.60 in chips) 
Seat 4: DeividBox980 (€4.63 in chips) 
Seat 5: pipinoelbreve9 (€5.81 in chips) 
Seat 6: xaval01 (€5.07 in chips) 
Beto_Mdrz: posts small blind €0.02
hernandS&G: posts big blind €0.05
*** HOLE CARDS ***
Dealt to pipinoelbreve9 [Tc 2h]
DeividBox980: folds 
pipinoelbreve9: folds 
xaval01: raises €0.07 to €0.12
lkbIbgz: folds 
Beto_Mdrz: folds 
hernandS&G: folds 
Uncalled bet (€0.07) returned to xaval01
xaval01 collected €0.12 from pot
xaval01: doesn't show hand 
*** SUMMARY ***
Total pot €0.12 | Rake €0 
Seat 1: lkbIbgz (button) folded before Flop (didn't bet)
Seat 2: Beto_Mdrz (small blind) folded before Flop
Seat 3: hernandS&G (big blind) folded before Flop
Seat 4: DeividBox980 folded before Flop (didn't bet)
Seat 5: pipinoelbreve9 folded before Flop (didn't bet)
Seat 6: xaval01 collected (€0.12)



PokerStars Zoom Hand #259377286416:  Hold'em No Limit (€0.02/€0.05) - 2026/01/19 17:01:29 CET [2026/01/19 11:01:29 ET]
Table 'Asterope' 6-max Seat #1 is the button
Seat 1: llodio (€9.07 in chips) 
Seat 2: Tapadino (€3.02 in chips) 
Seat 3: toxinho35 (€4.12 in chips) 
Seat 4: QUIQUE JONES (€2.15 in chips) 
Seat 5: amar10668 (€8.11 in chips) 
Seat 6: pipinoelbreve9 (€5.81 in chips) 
Tapadino: posts small blind €0.02
toxinho35: posts big blind €0.05
*** HOLE CARDS ***
Dealt to pipinoelbreve9 [6s 3h]
QUIQUE JONES: folds 
amar10668: folds 
pipinoelbreve9: folds 
llodio: folds 
Tapadino: raises €0.10 to €0.15
toxinho35: calls €0.10
*** FLOP *** [2s Js 4s]
Tapadino: bets €0.05
toxinho35: folds 
Uncalled bet (€0.05) returned to Tapadino
Tapadino collected €0.28 from pot
Tapadino: doesn't show hand 
*** SUMMARY ***
Total pot €0.30 | Rake €0.02 
Board [2s Js 4s]
Seat 1: llodio (button) folded before Flop (didn't bet)
Seat 2: Tapadino (small blind) collected (€0.28)
Seat 3: toxinho35 (big blind) folded on the Flop
Seat 4: QUIQUE JONES folded before Flop (didn't bet)
Seat 5: amar10668 folded before Flop (didn't bet)
Seat 6: pipinoelbreve9 folded before Flop (didn't bet)



PokerStars Zoom Hand #259377288309:  Hold'em No Limit (€0.02/€0.05) - 2026/01/19 17:01:40 CET [2026/01/19 11:01:40 ET]
Table 'Asterope' 6-max Seat #1 is the button
Seat 1: Ischadia (€5 in chips) 
Seat 2: kombei63 (€6.86 in chips) 
Seat 3: pipinoelbreve9 (€5.81 in chips) 
Seat 4: xaval01 (€5.36 in chips) 
Seat 5: xanly (€2.20 in chips) 
Seat 6: Markpartebragas (€7.94 in chips) 
kombei63: posts small blind €0.02
pipinoelbreve9: posts big blind €0.05
*** HOLE CARDS ***
Dealt to pipinoelbreve9 [9s Th]
xaval01: raises €0.07 to €0.12
xanly: raises €0.33 to €0.45
Markpartebragas: folds 
Ischadia: folds 
kombei63: folds 
pipinoelbreve9: folds 
xaval01: folds 
Uncalled bet (€0.33) returned to xanly
xanly collected €0.31 from pot
xanly: doesn't show hand 
*** SUMMARY ***
Total pot €0.31 | Rake €0 
Seat 1: Ischadia (button) folded before Flop (didn't bet)
Seat 2: kombei63 (small blind) folded before Flop
Seat 3: pipinoelbreve9 (big blind) folded before Flop
Seat 4: xaval01 folded before Flop
Seat 5: xanly collected (€0.31)
Seat 6: Markpartebragas folded before Flop (didn't bet)



PokerStars Zoom Hand #259377289819:  Hold'em No Limit (€0.02/€0.05) - 2026/01/19 17:01:49 CET [2026/01/19 11:01:49 ET]
Table 'Asterope' 6-max Seat #1 is the button
Seat 1: pipinoelbreve9 (€5.76 in chips) 
Seat 2: hernandS&G (€5.55 in chips) 
Seat 3: crmLL (€4.12 in chips) 
Seat 4: Bertinho Gil (€6.25 in chips) 
Seat 5: el_heniek (€5.78 in chips) 
Seat 6: CaputMuck (€5 in chips) 
hernandS&G: posts small blind €0.02
crmLL: posts big blind €0.05
*** HOLE CARDS ***
Dealt to pipinoelbreve9 [6c Qd]
Bertinho Gil: folds 
el_heniek: folds 
CaputMuck: raises €0.07 to €0.12
pipinoelbreve9: folds 
hernandS&G: folds 
crmLL: folds 
Uncalled bet (€0.07) returned to CaputMuck
CaputMuck collected €0.12 from pot
CaputMuck: doesn't show hand 
*** SUMMARY ***
Total pot €0.12 | Rake €0 
Seat 1: pipinoelbreve9 (button) folded before Flop (didn't bet)
Seat 2: hernandS&G (small blind) folded before Flop
Seat 3: crmLL (big blind) folded before Flop
Seat 4: Bertinho Gil folded before Flop (didn't bet)
Seat 5: el_heniek folded before Flop (didn't bet)
Seat 6: CaputMuck collected (€0.12)



PokerStars Zoom Hand #259377301896:  Hold'em No Limit (€0.02/€0.05) - 2026/01/19 17:02:59 CET [2026/01/19 11:02:59 ET]
Table 'Asterope' 6-max Seat #1 is the button
Seat 1: Tapadino (€3.28 in chips) 
Seat 2: hernandS&G (€5.46 in chips) 
Seat 3: DeividBox980 (€4.47 in chips) 
Seat 4: pipinoelbreve9 (€5.61 in chips) 
Seat 5: gusflota (€2.44 in chips) 
Seat 6: mentalist1479 (€1.99 in chips) 
hernandS&G: posts small blind €0.02
DeividBox980: posts big blind €0.05
*** HOLE CARDS ***
Dealt to pipinoelbreve9 [Qd 3d]
pipinoelbreve9: folds 
gusflota: folds 
mentalist1479: calls €0.05
Tapadino: folds 
hernandS&G: raises €0.85 to €0.90
DeividBox980: folds 
mentalist1479: folds 
Uncalled bet (€0.85) returned to hernandS&G
hernandS&G collected €0.15 from pot
hernandS&G: doesn't show hand 
*** SUMMARY ***
Total pot €0.15 | Rake €0 
Seat 1: Tapadino (button) folded before Flop (didn't bet)
Seat 2: hernandS&G (small blind) collected (€0.15)
Seat 3: DeividBox980 (big blind) folded before Flop
Seat 4: pipinoelbreve9 folded before Flop (didn't bet)
Seat 5: gusflota folded before Flop (didn't bet)
Seat 6: mentalist1479 folded before Flop



PokerStars Zoom Hand #259377291141:  Hold'em No Limit (€0.02/€0.05) - 2026/01/19 17:01:57 CET [2026/01/19 11:01:57 ET]
Table 'Asterope' 6-max Seat #1 is the button
Seat 1: glandeur66 (€2.37 in chips) 
Seat 2: pipinoelbreve9 (€5.76 in chips) 
Seat 3: el_heniek (€5.78 in chips) 
Seat 4: nicalomano (€5 in chips) 
Seat 5: Zz8crackS (€4.79 in chips) 
Seat 6: Moncerrate42 (€5.89 in chips) 
pipinoelbreve9: posts small blind €0.02
el_heniek: posts big blind €0.05
*** HOLE CARDS ***
Dealt to pipinoelbreve9 [5d Ah]
nicalomano: folds 
Zz8crackS: folds 
Moncerrate42: folds 
glandeur66: raises €0.10 to €0.15
pipinoelbreve9: calls €0.13
el_heniek: calls €0.10
*** FLOP *** [9h Qh Qc]
pipinoelbreve9: checks 
el_heniek: checks 
glandeur66: checks 
*** TURN *** [9h Qh Qc] [2d]
pipinoelbreve9: checks 
el_heniek: bets €0.22
glandeur66: calls €0.22
pipinoelbreve9: folds 
*** RIVER *** [9h Qh Qc 2d] [5s]
el_heniek: bets €0.64
glandeur66: raises €0.64 to €1.28
el_heniek: raises €4.13 to €5.41 and is all-in
glandeur66: calls €0.72 and is all-in
Uncalled bet (€3.41) returned to el_heniek
*** SHOW DOWN ***
el_heniek: shows [2h 2s] (a full house, Deuces full of Queens)
glandeur66: shows [9c 9s] (a full house, Nines full of Queens)
glandeur66 collected €4.65 from pot
*** SUMMARY ***
Total pot €4.89 | Rake €0.24 
Board [9h Qh Qc 2d 5s]
Seat 1: glandeur66 (button) showed [9c 9s] and won (€4.65) with a full house, Nines full of Queens
Seat 2: pipinoelbreve9 (small blind) folded on the Turn
Seat 3: el_heniek (big blind) showed [2h 2s] and lost with a full house, Deuces full of Queens
Seat 4: nicalomano folded before Flop (didn't bet)
Seat 5: Zz8crackS folded before Flop (didn't bet)
Seat 6: Moncerrate42 folded before Flop (didn't bet)



PokerStars Zoom Hand #259377302848:  Hold'em No Limit (€0.02/€0.05) - 2026/01/19 17:03:05 CET [2026/01/19 11:03:05 ET]
Table 'Asterope' 6-max Seat #1 is the button
Seat 1: volcanos10 (€4.35 in chips) 
Seat 2: nicalomano (€5 in chips) 
Seat 3: tientoAl2 (€7.20 in chips) 
Seat 4: aKKaWare (€5 in chips) 
Seat 5: Beto_Mdrz (€3.37 in chips) 
Seat 6: pipinoelbreve9 (€5.61 in chips) 
nicalomano: posts small blind €0.02
tientoAl2: posts big blind €0.05
*** HOLE CARDS ***
Dealt to pipinoelbreve9 [2h 5c]
aKKaWare: raises €0.05 to €0.10
Beto_Mdrz: folds 
pipinoelbreve9: folds 
volcanos10 has timed out
volcanos10: folds 
nicalomano: folds 
tientoAl2: folds 
Uncalled bet (€0.05) returned to aKKaWare
aKKaWare collected €0.12 from pot
aKKaWare: doesn't show hand 
*** SUMMARY ***
Total pot €0.12 | Rake €0 
Seat 1: volcanos10 (button) folded before Flop (didn't bet)
Seat 2: nicalomano (small blind) folded before Flop
Seat 3: tientoAl2 (big blind) folded before Flop
Seat 4: aKKaWare collected (€0.12)
Seat 5: Beto_Mdrz folded before Flop (didn't bet)
Seat 6: pipinoelbreve9 folded before Flop (didn't bet)



PokerStars Zoom Hand #259377311181:  Hold'em No Limit (€0.02/€0.05) - 2026/01/19 17:03:53 CET [2026/01/19 11:03:53 ET]
Table 'Asterope' 6-max Seat #1 is the button
Seat 1: Ischadia (€6.49 in chips) 
Seat 2: sim19ks (€7.29 in chips) 
Seat 3: Belacqua13 (€3.42 in chips) 
Seat 4: hernandS&G (€5.07 in chips) 
Seat 5: pipinoelbreve9 (€5.56 in chips) 
Seat 6: Hot4grinD (€5 in chips) 
sim19ks: posts small blind €0.02
Belacqua13: posts big blind €0.05
*** HOLE CARDS ***
Dealt to pipinoelbreve9 [8s 8h]
hernandS&G: folds 
pipinoelbreve9: raises €0.07 to €0.12
Hot4grinD: folds 
Ischadia: folds 
sim19ks: folds 
Belacqua13: folds 
Uncalled bet (€0.07) returned to pipinoelbreve9
pipinoelbreve9 collected €0.12 from pot
pipinoelbreve9: doesn't show hand 
*** SUMMARY ***
Total pot €0.12 | Rake €0 
Seat 1: Ischadia (button) folded before Flop (didn't bet)
Seat 2: sim19ks (small blind) folded before Flop
Seat 3: Belacqua13 (big blind) folded before Flop
Seat 4: hernandS&G folded before Flop (didn't bet)
Seat 5: pipinoelbreve9 collected (€0.12)
Seat 6: Hot4grinD folded before Flop (didn't bet)



PokerStars Zoom Hand #259377306597:  Hold'em No Limit (€0.02/€0.05) - 2026/01/19 17:03:26 CET [2026/01/19 11:03:26 ET]
Table 'Asterope' 6-max Seat #1 is the button
Seat 1: technoboy72 (€5.29 in chips) 
Seat 2: QUIQUE JONES (€1.96 in chips) 
Seat 3: pipinoelbreve9 (€5.61 in chips) 
Seat 4: TiraFinos94 (€5 in chips) 
Seat 5: iad9396 (€5.75 in chips) 
Seat 6: Ischadia (€5.29 in chips) 
QUIQUE JONES: posts small blind €0.02
pipinoelbreve9: posts big blind €0.05
*** HOLE CARDS ***
Dealt to pipinoelbreve9 [5c Qs]
TiraFinos94: raises €0.05 to €0.10
iad9396: folds 
Ischadia: calls €0.10
technoboy72: folds 
QUIQUE JONES: calls €0.08
pipinoelbreve9: folds 
*** FLOP *** [Jh 7s 3s]
QUIQUE JONES: checks 
TiraFinos94: checks 
Ischadia: checks 
*** TURN *** [Jh 7s 3s] [2d]
QUIQUE JONES: bets €0.17
TiraFinos94: calls €0.17
Ischadia: folds 
*** RIVER *** [Jh 7s 3s 2d] [9d]
QUIQUE JONES: bets €0.66
TiraFinos94: calls €0.66
*** SHOW DOWN ***
QUIQUE JONES: shows [7h 7c] (three of a kind, Sevens)
TiraFinos94: mucks hand 
QUIQUE JONES collected €1.91 from pot
*** SUMMARY ***
Total pot €2.01 | Rake €0.10 
Board [Jh 7s 3s 2d 9d]
Seat 1: technoboy72 (button) folded before Flop (didn't bet)
Seat 2: QUIQUE JONES (small blind) showed [7h 7c] and won (€1.91) with three of a kind, Sevens
Seat 3: pipinoelbreve9 (big blind) folded before Flop
Seat 4: TiraFinos94 mucked [As Kc]
Seat 5: iad9396 folded before Flop (didn't bet)
Seat 6: Ischadia folded on the Turn



PokerStars Zoom Hand #259377309563:  Hold'em No Limit (€0.02/€0.05) - 2026/01/19 17:03:44 CET [2026/01/19 11:03:44 ET]
Table 'Asterope' 6-max Seat #1 is the button
Seat 1: Hot4grinD (€5 in chips) 
Seat 2: Venus1010 (€4.69 in chips) 
Seat 3: kurekuro (€4.93 in chips) 
Seat 4: kombei63 (€3.27 in chips) 
Seat 5: pipinoelbreve9 (€5.56 in chips) 
Seat 6: Tapadino (€3.16 in chips) 
Venus1010: posts small blind €0.02
kurekuro: posts big blind €0.05
*** HOLE CARDS ***
Dealt to pipinoelbreve9 [7s Kc]
kombei63: folds 
pipinoelbreve9: folds 
Tapadino: raises €0.10 to €0.15
Hot4grinD: folds 
Venus1010: calls €0.13
kurekuro: folds 
*** FLOP *** [2s Ac Qs]
Venus1010: checks 
Tapadino: bets €0.10
Venus1010: raises €0.10 to €0.20
Tapadino: calls €0.10
*** TURN *** [2s Ac Qs] [Jd]
Venus1010: bets €0.20
Tapadino: calls €0.20
*** RIVER *** [2s Ac Qs Jd] [7d]
Venus1010: bets €0.90
Tapadino: raises €1.20 to €2.10
Venus1010: calls €1.20
*** SHOW DOWN ***
Tapadino: shows [Ts Kd] (a straight, Ten to Ace)
Venus1010: mucks hand 
Tapadino collected €5.08 from pot
*** SUMMARY ***
Total pot €5.35 | Rake €0.27 
Board [2s Ac Qs Jd 7d]
Seat 1: Hot4grinD (button) folded before Flop (didn't bet)
Seat 2: Venus1010 (small blind) mucked [3h Ah]
Seat 3: kurekuro (big blind) folded before Flop
Seat 4: kombei63 folded before Flop (didn't bet)
Seat 5: pipinoelbreve9 folded before Flop (didn't bet)
Seat 6: Tapadino showed [Ts Kd] and won (€5.08) with a straight, Ten to Ace



PokerStars Zoom Hand #259377314699:  Hold'em No Limit (€0.02/€0.05) - 2026/01/19 17:04:13 CET [2026/01/19 11:04:13 ET]
Table 'Asterope' 6-max Seat #1 is the button
Seat 1: hernandS&G (€5.58 in chips) 
Seat 2: pipinoelbreve9 (€5.63 in chips) 
Seat 3: kombei63 (€3.25 in chips) 
Seat 4: nicalomano (€5.18 in chips) 
Seat 5: Markpartebragas (€15.06 in chips) 
Seat 6: toxinho35 (€4.04 in chips) 
pipinoelbreve9: posts small blind €0.02
kombei63: posts big blind €0.05
*** HOLE CARDS ***
Dealt to pipinoelbreve9 [8d 8c]
nicalomano: folds 
Markpartebragas: folds 
toxinho35: calls €0.05
hernandS&G: raises €0.15 to €0.20
pipinoelbreve9: calls €0.18
kombei63: calls €0.15
toxinho35: calls €0.15
*** FLOP *** [4c 9d Td]
pipinoelbreve9: checks 
kombei63: checks 
toxinho35: checks 
hernandS&G: checks 
*** TURN *** [4c 9d Td] [2d]
pipinoelbreve9: checks 
kombei63: bets €0.38
toxinho35: folds 
hernandS&G: folds 
pipinoelbreve9: calls €0.38
*** RIVER *** [4c 9d Td 2d] [7c]
pipinoelbreve9: checks 
kombei63: bets €0.49
pipinoelbreve9: calls €0.49
*** SHOW DOWN ***
kombei63: shows [9h 7h] (two pair, Nines and Sevens)
pipinoelbreve9: mucks hand 
kombei63 collected €2.41 from pot
*** SUMMARY ***
Total pot €2.54 | Rake €0.13 
Board [4c 9d Td 2d 7c]
Seat 1: hernandS&G (button) folded on the Turn
Seat 2: pipinoelbreve9 (small blind) mucked [8d 8c]
Seat 3: kombei63 (big blind) showed [9h 7h] and won (€2.41) with two pair, Nines and Sevens
Seat 4: nicalomano folded before Flop (didn't bet)
Seat 5: Markpartebragas folded before Flop (didn't bet)
Seat 6: toxinho35 folded on the Turn



PokerStars Zoom Hand #259377326446:  Hold'em No Limit (€0.02/€0.05) - 2026/01/19 17:05:20 CET [2026/01/19 11:05:20 ET]
Table 'Asterope' 6-max Seat #1 is the button
Seat 1: kombei63 (€4.59 in chips) 
Seat 2: nicalomano (€5.02 in chips) 
Seat 3: DeividBox980 (€4.33 in chips) 
Seat 4: xaval01 (€5 in chips) 
Seat 5: JACBO137 (€4.48 in chips) 
Seat 6: pipinoelbreve9 (€5 in chips) 
nicalomano: posts small blind €0.02
DeividBox980: posts big blind €0.05
*** HOLE CARDS ***
Dealt to pipinoelbreve9 [4d Ah]
xaval01: folds 
JACBO137: folds 
pipinoelbreve9: folds 
kombei63: folds 
nicalomano: raises €0.10 to €0.15
DeividBox980: folds 
Uncalled bet (€0.10) returned to nicalomano
nicalomano collected €0.10 from pot
nicalomano: doesn't show hand 
*** SUMMARY ***
Total pot €0.10 | Rake €0 
Seat 1: kombei63 (button) folded before Flop (didn't bet)
Seat 2: nicalomano (small blind) collected (€0.10)
Seat 3: DeividBox980 (big blind) folded before Flop
Seat 4: xaval01 folded before Flop (didn't bet)
Seat 5: JACBO137 folded before Flop (didn't bet)
Seat 6: pipinoelbreve9 folded before Flop (didn't bet)



PokerStars Zoom Hand #259377327401:  Hold'em No Limit (€0.02/€0.05) - 2026/01/19 17:05:26 CET [2026/01/19 11:05:26 ET]
Table 'Asterope' 6-max Seat #1 is the button
Seat 1: pipinoelbreve9 (€5 in chips) 
Seat 2: technoboy72 (€5.63 in chips) 
Seat 3: crmLL (€5 in chips) 
Seat 4: QuinteFul377 (€4.91 in chips) 
Seat 5: Tapadino (€5.57 in chips) 
Seat 6: llodio (€8.79 in chips) 
technoboy72: posts small blind €0.02
crmLL: posts big blind €0.05
*** HOLE CARDS ***
Dealt to pipinoelbreve9 [6d Qd]
QuinteFul377: folds 
Tapadino: folds 
llodio: folds 
pipinoelbreve9: raises €0.07 to €0.12
technoboy72: folds 
crmLL: folds 
Uncalled bet (€0.07) returned to pipinoelbreve9
pipinoelbreve9 collected €0.12 from pot
pipinoelbreve9: doesn't show hand 
*** SUMMARY ***
Total pot €0.12 | Rake €0 
Seat 1: pipinoelbreve9 (button) collected (€0.12)
Seat 2: technoboy72 (small blind) folded before Flop
Seat 3: crmLL (big blind) folded before Flop
Seat 4: QuinteFul377 folded before Flop (didn't bet)
Seat 5: Tapadino folded before Flop (didn't bet)
Seat 6: llodio folded before Flop (didn't bet)



PokerStars Zoom Hand #259377331462:  Hold'em No Limit (€0.02/€0.05) - 2026/01/19 17:05:49 CET [2026/01/19 11:05:49 ET]
Table 'Asterope' 6-max Seat #1 is the button
Seat 1: Nimed (€15.87 in chips) 
Seat 2: Ischadia (€6.24 in chips) 
Seat 3: el_heniek (€5.50 in chips) 
Seat 4: pipinoelbreve9 (€5.07 in chips) 
Seat 5: amar10668 (€5.94 in chips) 
Seat 6: toxinho35 (€3.77 in chips) 
Ischadia: posts small blind €0.02
el_heniek: posts big blind €0.05
*** HOLE CARDS ***
Dealt to pipinoelbreve9 [2s Jc]
pipinoelbreve9: folds 
amar10668: folds 
toxinho35: folds 
Nimed: folds 
Ischadia: raises €0.10 to €0.15
el_heniek: calls €0.10
*** FLOP *** [7d Kd Jd]
Ischadia: checks 
el_heniek: checks 
*** TURN *** [7d Kd Jd] [Tc]
Ischadia: checks 
el_heniek: checks 
*** RIVER *** [7d Kd Jd Tc] [9s]
Ischadia: checks 
el_heniek: checks 
*** SHOW DOWN ***
Ischadia: shows [4h Ac] (high card Ace)
el_heniek: shows [5d 5h] (a pair of Fives)
el_heniek collected €0.28 from pot
*** SUMMARY ***
Total pot €0.30 | Rake €0.02 
Board [7d Kd Jd Tc 9s]
Seat 1: Nimed (button) folded before Flop (didn't bet)
Seat 2: Ischadia (small blind) showed [4h Ac] and lost with high card Ace
Seat 3: el_heniek (big blind) showed [5d 5h] and won (€0.28) with a pair of Fives
Seat 4: pipinoelbreve9 folded before Flop (didn't bet)
Seat 5: amar10668 folded before Flop (didn't bet)
Seat 6: toxinho35 folded before Flop (didn't bet)



PokerStars Zoom Hand #259377332389:  Hold'em No Limit (€0.02/€0.05) - 2026/01/19 17:05:54 CET [2026/01/19 11:05:54 ET]
Table 'Asterope' 6-max Seat #1 is the button
Seat 1: Mário_Paeta0 (€5 in chips) 
Seat 2: glandeur66 (€2.25 in chips) 
Seat 3: lorocontento (€2 in chips) 
Seat 4: pipinoelbreve9 (€5.07 in chips) 
Seat 5: Nimed (€15.87 in chips) 
Seat 6: amar10668 (€5.94 in chips) 
glandeur66: posts small blind €0.02
lorocontento: posts big blind €0.05
*** HOLE CARDS ***
Dealt to pipinoelbreve9 [Ks Kc]
pipinoelbreve9: raises €0.07 to €0.12
Nimed: folds 
amar10668: calls €0.12
Mário_Paeta0: calls €0.12
glandeur66: folds 
lorocontento: folds 
*** FLOP *** [Jc 5h 6d]
pipinoelbreve9: bets €0.09
amar10668: calls €0.09
Mário_Paeta0: calls €0.09
*** TURN *** [Jc 5h 6d] [Tc]
pipinoelbreve9: bets €0.49
amar10668: calls €0.49
Mário_Paeta0: calls €0.49
*** RIVER *** [Jc 5h 6d Tc] [2h]
pipinoelbreve9: bets €1.36
amar10668: folds 
Mário_Paeta0: folds 
Uncalled bet (€1.36) returned to pipinoelbreve9
pipinoelbreve9 collected €2.06 from pot
pipinoelbreve9: doesn't show hand 
*** SUMMARY ***
Total pot €2.17 | Rake €0.11 
Board [Jc 5h 6d Tc 2h]
Seat 1: Mário_Paeta0 (button) folded on the River
Seat 2: glandeur66 (small blind) folded before Flop
Seat 3: lorocontento (big blind) folded before Flop
Seat 4: pipinoelbreve9 collected (€2.06)
Seat 5: Nimed folded before Flop (didn't bet)
Seat 6: amar10668 folded on the River



PokerStars Zoom Hand #259377342765:  Hold'em No Limit (€0.02/€0.05) - 2026/01/19 17:06:54 CET [2026/01/19 11:06:54 ET]
Table 'Asterope' 6-max Seat #1 is the button
Seat 1: Nimed (€5.05 in chips) 
Seat 2: ManuyPablo (€2.87 in chips) 
Seat 3: pipinoelbreve9 (€6.43 in chips) 
Seat 4: tientoAl2 (€7.25 in chips) 
Seat 5: lorocontento (€1.93 in chips) 
Seat 6: kombei63 (€6.22 in chips) 
ManuyPablo: posts small blind €0.02
pipinoelbreve9: posts big blind €0.05
*** HOLE CARDS ***
Dealt to pipinoelbreve9 [5c Jh]
tientoAl2: folds 
lorocontento: folds 
kombei63: raises €0.07 to €0.12
Nimed: folds 
ManuyPablo: folds 
pipinoelbreve9: folds 
Uncalled bet (€0.07) returned to kombei63
kombei63 collected €0.12 from pot
kombei63: doesn't show hand 
*** SUMMARY ***
Total pot €0.12 | Rake €0 
Seat 1: Nimed (button) folded before Flop (didn't bet)
Seat 2: ManuyPablo (small blind) folded before Flop
Seat 3: pipinoelbreve9 (big blind) folded before Flop
Seat 4: tientoAl2 folded before Flop (didn't bet)
Seat 5: lorocontento folded before Flop (didn't bet)
Seat 6: kombei63 collected (€0.12)



PokerStars Zoom Hand #259377345969:  Hold'em No Limit (€0.02/€0.05) - 2026/01/19 17:07:12 CET [2026/01/19 11:07:12 ET]
Table 'Asterope' 6-max Seat #1 is the button
Seat 1: pipinoelbreve9 (€6.38 in chips) 
Seat 2: Belacqua13 (€3.78 in chips) 
Seat 3: alexzh66 (€6.60 in chips) 
Seat 4: crmLL (€4.41 in chips) 
Seat 5: TiraFinos94 (€5 in chips) 
Seat 6: JACBO137 (€4.47 in chips) 
Belacqua13: posts small blind €0.02
alexzh66: posts big blind €0.05
*** HOLE CARDS ***
Dealt to pipinoelbreve9 [Th 9c]
crmLL: folds 
TiraFinos94: raises €0.10 to €0.15
JACBO137: folds 
pipinoelbreve9: folds 
Belacqua13: folds 
alexzh66: folds 
Uncalled bet (€0.10) returned to TiraFinos94
TiraFinos94 collected €0.12 from pot
TiraFinos94: doesn't show hand 
*** SUMMARY ***
Total pot €0.12 | Rake €0 
Seat 1: pipinoelbreve9 (button) folded before Flop (didn't bet)
Seat 2: Belacqua13 (small blind) folded before Flop
Seat 3: alexzh66 (big blind) folded before Flop
Seat 4: crmLL folded before Flop (didn't bet)
Seat 5: TiraFinos94 collected (€0.12)
Seat 6: JACBO137 folded before Flop (didn't bet)



PokerStars Zoom Hand #259377348095:  Hold'em No Limit (€0.02/€0.05) - 2026/01/19 17:07:24 CET [2026/01/19 11:07:24 ET]
Table 'Asterope' 6-max Seat #1 is the button
Seat 1: Moncerrate42 (€7.11 in chips) 
Seat 2: pipinoelbreve9 (€6.38 in chips) 
Seat 3: crmLL (€4.39 in chips) 
Seat 4: nicalomano (€5 in chips) 
Seat 5: Markpartebragas (€15.83 in chips) 
Seat 6: TiraFinos94 (€5.41 in chips) 
pipinoelbreve9: posts small blind €0.02
crmLL: posts big blind €0.05
*** HOLE CARDS ***
Dealt to pipinoelbreve9 [5s 4s]
nicalomano: folds 
Markpartebragas: folds 
TiraFinos94: folds 
Moncerrate42: folds 
pipinoelbreve9: raises €0.07 to €0.12
crmLL: folds 
Uncalled bet (€0.07) returned to pipinoelbreve9
pipinoelbreve9 collected €0.10 from pot
pipinoelbreve9: doesn't show hand 
*** SUMMARY ***
Total pot €0.10 | Rake €0 
Seat 1: Moncerrate42 (button) folded before Flop (didn't bet)
Seat 2: pipinoelbreve9 (small blind) collected (€0.10)
Seat 3: crmLL (big blind) folded before Flop
Seat 4: nicalomano folded before Flop (didn't bet)
Seat 5: Markpartebragas folded before Flop (didn't bet)
Seat 6: TiraFinos94 folded before Flop (didn't bet)



PokerStars Zoom Hand #259377352978:  Hold'em No Limit (€0.02/€0.05) - 2026/01/19 17:07:52 CET [2026/01/19 11:07:52 ET]
Table 'Asterope' 6-max Seat #1 is the button
Seat 1: Hot4grinD (€4.68 in chips) 
Seat 2: kurekuro (€4.68 in chips) 
Seat 3: DeividBox980 (€4.69 in chips) 
Seat 4: ManuyPablo (€3.50 in chips) 
Seat 5: pipinoelbreve9 (€6.43 in chips) 
Seat 6: toxinho35 (€3.85 in chips) 
kurekuro: posts small blind €0.02
DeividBox980: posts big blind €0.05
*** HOLE CARDS ***
Dealt to pipinoelbreve9 [3s Js]
ManuyPablo: folds 
pipinoelbreve9: folds 
toxinho35: folds 
Hot4grinD: folds 
kurekuro: folds 
Uncalled bet (€0.03) returned to DeividBox980
DeividBox980 collected €0.04 from pot
DeividBox980: doesn't show hand 
*** SUMMARY ***
Total pot €0.04 | Rake €0 
Seat 1: Hot4grinD (button) folded before Flop (didn't bet)
Seat 2: kurekuro (small blind) folded before Flop
Seat 3: DeividBox980 (big blind) collected (€0.04)
Seat 4: ManuyPablo folded before Flop (didn't bet)
Seat 5: pipinoelbreve9 folded before Flop (didn't bet)
Seat 6: toxinho35 folded before Flop (didn't bet)



PokerStars Zoom Hand #259377351387:  Hold'em No Limit (€0.02/€0.05) - 2026/01/19 17:07:43 CET [2026/01/19 11:07:43 ET]
Table 'Asterope' 6-max Seat #1 is the button
Seat 1: QuinteFul377 (€5.25 in chips) 
Seat 2: kombei63 (€6.58 in chips) 
Seat 3: fazer54000 (€2.16 in chips) 
Seat 4: ManuyPablo (€5.29 in chips) 
Seat 5: kurekuro (€4.68 in chips) 
Seat 6: pipinoelbreve9 (€6.43 in chips) 
kombei63: posts small blind €0.02
fazer54000: posts big blind €0.05
*** HOLE CARDS ***
Dealt to pipinoelbreve9 [7d Ks]
ManuyPablo: folds 
kurekuro: folds 
pipinoelbreve9: folds 
QuinteFul377: folds 
kombei63: raises €0.07 to €0.12
fazer54000: calls €0.07
*** FLOP *** [2s 2h 5d]
kombei63: checks 
fazer54000: checks 
*** TURN *** [2s 2h 5d] [6h]
kombei63: checks 
fazer54000: bets €0.05
kombei63: calls €0.05
*** RIVER *** [2s 2h 5d 6h] [3s]
kombei63: checks 
fazer54000: bets €0.05
kombei63: folds 
Uncalled bet (€0.05) returned to fazer54000
fazer54000 collected €0.32 from pot
fazer54000: doesn't show hand 
*** SUMMARY ***
Total pot €0.34 | Rake €0.02 
Board [2s 2h 5d 6h 3s]
Seat 1: QuinteFul377 (button) folded before Flop (didn't bet)
Seat 2: kombei63 (small blind) folded on the River
Seat 3: fazer54000 (big blind) collected (€0.32)
Seat 4: ManuyPablo folded before Flop (didn't bet)
Seat 5: kurekuro folded before Flop (didn't bet)
Seat 6: pipinoelbreve9 folded before Flop (didn't bet)



PokerStars Zoom Hand #259377353884:  Hold'em No Limit (€0.02/€0.05) - 2026/01/19 17:07:57 CET [2026/01/19 11:07:57 ET]
Table 'Asterope' 6-max Seat #1 is the button
Seat 1: kurekuro (€4.66 in chips) 
Seat 2: ManuyPablo (€3.50 in chips) 
Seat 3: kombei63 (€2.36 in chips) 
Seat 4: pipinoelbreve9 (€6.43 in chips) 
Seat 5: nicalomano (€5.22 in chips) 
Seat 6: Nastqecs (€2.99 in chips) 
ManuyPablo: posts small blind €0.02
kombei63: posts big blind €0.05
*** HOLE CARDS ***
Dealt to pipinoelbreve9 [2d 9c]
pipinoelbreve9: folds 
nicalomano: folds 
Nastqecs: folds 
kurekuro: folds 
ManuyPablo: folds 
Uncalled bet (€0.03) returned to kombei63
kombei63 collected €0.04 from pot
kombei63: doesn't show hand 
*** SUMMARY ***
Total pot €0.04 | Rake €0 
Seat 1: kurekuro (button) folded before Flop (didn't bet)
Seat 2: ManuyPablo (small blind) folded before Flop
Seat 3: kombei63 (big blind) collected (€0.04)
Seat 4: pipinoelbreve9 folded before Flop (didn't bet)
Seat 5: nicalomano folded before Flop (didn't bet)
Seat 6: Nastqecs folded before Flop (didn't bet)



PokerStars Zoom Hand #259377355225:  Hold'em No Limit (€0.02/€0.05) - 2026/01/19 17:08:04 CET [2026/01/19 11:08:04 ET]
Table 'Asterope' 6-max Seat #1 is the button
Seat 1: DeividBox980 (€4.71 in chips) 
Seat 2: nicalomano (€5.22 in chips) 
Seat 3: pipinoelbreve9 (€6.43 in chips) 
Seat 4: Zz8crackS (€4.32 in chips) 
Seat 5: technoboy72 (€6.26 in chips) 
Seat 6: toxinho35 (€3.43 in chips) 
nicalomano: posts small blind €0.02
pipinoelbreve9: posts big blind €0.05
*** HOLE CARDS ***
Dealt to pipinoelbreve9 [6h 6c]
Zz8crackS: folds 
technoboy72: folds 
toxinho35: folds 
DeividBox980: folds 
nicalomano: raises €0.10 to €0.15
pipinoelbreve9: calls €0.10
*** FLOP *** [5d 7s As]
nicalomano: checks 
pipinoelbreve9: checks 
*** TURN *** [5d 7s As] [8s]
nicalomano: checks 
pipinoelbreve9: bets €0.14
nicalomano: folds 
Uncalled bet (€0.14) returned to pipinoelbreve9
pipinoelbreve9 collected €0.28 from pot
pipinoelbreve9: doesn't show hand 
*** SUMMARY ***
Total pot €0.30 | Rake €0.02 
Board [5d 7s As 8s]
Seat 1: DeividBox980 (button) folded before Flop (didn't bet)
Seat 2: nicalomano (small blind) folded on the Turn
Seat 3: pipinoelbreve9 (big blind) collected (€0.28)
Seat 4: Zz8crackS folded before Flop (didn't bet)
Seat 5: technoboy72 folded before Flop (didn't bet)
Seat 6: toxinho35 folded before Flop (didn't bet)



PokerStars Zoom Hand #259377363614:  Hold'em No Limit (€0.02/€0.05) - 2026/01/19 17:08:52 CET [2026/01/19 11:08:52 ET]
Table 'Asterope' 6-max Seat #1 is the button
Seat 1: llodio (€8.89 in chips) 
Seat 2: xaval01 (€5.02 in chips) 
Seat 3: nicalomano (€5 in chips) 
Seat 4: pipinoelbreve9 (€6.54 in chips) 
Seat 5: pikito86 (€2.77 in chips) 
Seat 6: kombei63 (€5.73 in chips) 
xaval01: posts small blind €0.02
nicalomano: posts big blind €0.05
*** HOLE CARDS ***
Dealt to pipinoelbreve9 [7d 4c]
pipinoelbreve9: folds 
pikito86: raises €0.05 to €0.10
kombei63: folds 
llodio: folds 
xaval01: folds 
nicalomano: folds 
Uncalled bet (€0.05) returned to pikito86
pikito86 collected €0.12 from pot
pikito86: doesn't show hand 
*** SUMMARY ***
Total pot €0.12 | Rake €0 
Seat 1: llodio (button) folded before Flop (didn't bet)
Seat 2: xaval01 (small blind) folded before Flop
Seat 3: nicalomano (big blind) folded before Flop
Seat 4: pipinoelbreve9 folded before Flop (didn't bet)
Seat 5: pikito86 collected (€0.12)
Seat 6: kombei63 folded before Flop (didn't bet)



PokerStars Zoom Hand #259377362069:  Hold'em No Limit (€0.02/€0.05) - 2026/01/19 17:08:43 CET [2026/01/19 11:08:43 ET]
Table 'Asterope' 6-max Seat #1 is the button
Seat 1: Zarka27 (€2.76 in chips) 
Seat 2: pipinoelbreve9 (€6.56 in chips) 
Seat 3: JACBO137 (€3.42 in chips) 
Seat 4: llodio (€15.30 in chips) 
Seat 5: sim19ks (€12.76 in chips) 
Seat 6: crmLL (€3.61 in chips) 
pipinoelbreve9: posts small blind €0.02
JACBO137: posts big blind €0.05
*** HOLE CARDS ***
Dealt to pipinoelbreve9 [8c 6h]
llodio: folds 
sim19ks: folds 
crmLL: raises €0.10 to €0.15
Zarka27: calls €0.15
pipinoelbreve9: folds 
JACBO137: folds 
*** FLOP *** [Ac 5c Kh]
crmLL: checks 
Zarka27: checks 
*** TURN *** [Ac 5c Kh] [Qc]
crmLL: checks 
Zarka27: checks 
*** RIVER *** [Ac 5c Kh Qc] [3s]
crmLL: bets €0.35
Zarka27: raises €0.35 to €0.70
crmLL: calls €0.35
*** SHOW DOWN ***
Zarka27: shows [Ah 4h] (a pair of Aces)
crmLL: shows [Tc Jh] (a straight, Ten to Ace)
crmLL collected €1.68 from pot
*** SUMMARY ***
Total pot €1.77 | Rake €0.09 
Board [Ac 5c Kh Qc 3s]
Seat 1: Zarka27 (button) showed [Ah 4h] and lost with a pair of Aces
Seat 2: pipinoelbreve9 (small blind) folded before Flop
Seat 3: JACBO137 (big blind) folded before Flop
Seat 4: llodio folded before Flop (didn't bet)
Seat 5: sim19ks folded before Flop (didn't bet)
Seat 6: crmLL showed [Tc Jh] and won (€1.68) with a straight, Ten to Ace



PokerStars Zoom Hand #259377364621:  Hold'em No Limit (€0.02/€0.05) - 2026/01/19 17:08:58 CET [2026/01/19 11:08:58 ET]
Table 'Asterope' 6-max Seat #1 is the button
Seat 1: pipinoelbreve9 (€6.54 in chips) 
Seat 2: SrWatanabe (€5.40 in chips) 
Seat 3: ManuyPablo (€4.70 in chips) 
Seat 4: sim19ks (€12.76 in chips) 
Seat 5: kurekuro (€4.63 in chips) 
Seat 6: Belacqua13 (€3.44 in chips) 
SrWatanabe: posts small blind €0.02
ManuyPablo: posts big blind €0.05
*** HOLE CARDS ***
Dealt to pipinoelbreve9 [Qc 6s]
sim19ks: raises €0.10 to €0.15
kurekuro: folds 
Belacqua13: calls €0.15
pipinoelbreve9: folds 
SrWatanabe: folds 
ManuyPablo: calls €0.10
*** FLOP *** [Js 8d Ts]
ManuyPablo: checks 
sim19ks: bets €0.15
Belacqua13: calls €0.15
ManuyPablo: folds 
*** TURN *** [Js 8d Ts] [2c]
sim19ks: checks 
Belacqua13: checks 
*** RIVER *** [Js 8d Ts 2c] [6h]
sim19ks: checks 
Belacqua13: bets €0.42
sim19ks: folds 
Uncalled bet (€0.42) returned to Belacqua13
Belacqua13 collected €0.73 from pot
Belacqua13: doesn't show hand 
*** SUMMARY ***
Total pot €0.77 | Rake €0.04 
Board [Js 8d Ts 2c 6h]
Seat 1: pipinoelbreve9 (button) folded before Flop (didn't bet)
Seat 2: SrWatanabe (small blind) folded before Flop
Seat 3: ManuyPablo (big blind) folded on the Flop
Seat 4: sim19ks folded on the River
Seat 5: kurekuro folded before Flop (didn't bet)
Seat 6: Belacqua13 collected (€0.73)



PokerStars Zoom Hand #259377367292:  Hold'em No Limit (€0.02/€0.05) - 2026/01/19 17:09:13 CET [2026/01/19 11:09:13 ET]
Table 'Asterope' 6-max Seat #1 is the button
Seat 1: kombei63 (€2.31 in chips) 
Seat 2: pipinoelbreve9 (€6.54 in chips) 
Seat 3: SrWatanabe (€5.38 in chips) 
Seat 4: nicalomano (€5 in chips) 
Seat 5: VirginLola (€7.60 in chips) 
Seat 6: xaval01 (€5 in chips) 
pipinoelbreve9: posts small blind €0.02
SrWatanabe: posts big blind €0.05
*** HOLE CARDS ***
Dealt to pipinoelbreve9 [6h 9h]
nicalomano: folds 
VirginLola: folds 
xaval01: folds 
kombei63: raises €0.07 to €0.12
pipinoelbreve9: calls €0.10
SrWatanabe: folds 
*** FLOP *** [4d Qs Ts]
pipinoelbreve9: checks 
kombei63: bets €0.14
pipinoelbreve9: folds 
Uncalled bet (€0.14) returned to kombei63
kombei63 collected €0.28 from pot
kombei63: doesn't show hand 
*** SUMMARY ***
Total pot €0.29 | Rake €0.01 
Board [4d Qs Ts]
Seat 1: kombei63 (button) collected (€0.28)
Seat 2: pipinoelbreve9 (small blind) folded on the Flop
Seat 3: SrWatanabe (big blind) folded before Flop
Seat 4: nicalomano folded before Flop (didn't bet)
Seat 5: VirginLola folded before Flop (didn't bet)
Seat 6: xaval01 folded before Flop (didn't bet)



PokerStars Zoom Hand #259377365962:  Hold'em No Limit (€0.02/€0.05) - 2026/01/19 17:09:05 CET [2026/01/19 11:09:05 ET]
Table 'Asterope' 6-max Seat #1 is the button
Seat 1: TiraFinos94 (€5.51 in chips) 
Seat 2: xaval01 (€5 in chips) 
Seat 3: technoboy72 (€12.94 in chips) 
Seat 4: Moncerrate42 (€5.20 in chips) 
Seat 5: marry24 (€5 in chips) 
Seat 6: pipinoelbreve9 (€6.54 in chips) 
xaval01: posts small blind €0.02
technoboy72: posts big blind €0.05
*** HOLE CARDS ***
Dealt to pipinoelbreve9 [Kh 9d]
Moncerrate42: folds 
marry24: raises €0.08 to €0.13
pipinoelbreve9: folds 
TiraFinos94: folds 
xaval01: folds 
technoboy72: calls €0.08
*** FLOP *** [7h 2c Jh]
technoboy72: checks 
marry24: bets €0.09
technoboy72: calls €0.09
*** TURN *** [7h 2c Jh] [Td]
technoboy72: checks 
marry24: bets €0.34
technoboy72: folds 
Uncalled bet (€0.34) returned to marry24
marry24 collected €0.44 from pot
marry24: doesn't show hand 
*** SUMMARY ***
Total pot €0.46 | Rake €0.02 
Board [7h 2c Jh Td]
Seat 1: TiraFinos94 (button) folded before Flop (didn't bet)
Seat 2: xaval01 (small blind) folded before Flop
Seat 3: technoboy72 (big blind) folded on the Turn
Seat 4: Moncerrate42 folded before Flop (didn't bet)
Seat 5: marry24 collected (€0.44)
Seat 6: pipinoelbreve9 folded before Flop (didn't bet)



PokerStars Zoom Hand #259377372149:  Hold'em No Limit (€0.02/€0.05) - 2026/01/19 17:09:40 CET [2026/01/19 11:09:40 ET]
Table 'Asterope' 6-max Seat #1 is the button
Seat 1: Nimed (€5.68 in chips) 
Seat 2: hope201319 (€2 in chips) 
Seat 3: pipinoelbreve9 (€6.42 in chips) 
Seat 4: el_heniek (€5.18 in chips) 
Seat 5: SrWatanabe (€5.31 in chips) 
Seat 6: Leroux1996 (€1.40 in chips) 
hope201319: posts small blind €0.02
pipinoelbreve9: posts big blind €0.05
*** HOLE CARDS ***
Dealt to pipinoelbreve9 [9c As]
el_heniek: raises €0.10 to €0.15
SrWatanabe: folds 
Leroux1996: calls €0.15
Nimed: folds 
hope201319: folds 
pipinoelbreve9: calls €0.10
*** FLOP *** [6c Ah 6d]
pipinoelbreve9: checks 
el_heniek: checks 
Leroux1996: bets €0.23
pipinoelbreve9: calls €0.23
el_heniek: folds 
*** TURN *** [6c Ah 6d] [2s]
pipinoelbreve9: checks 
Leroux1996: checks 
*** RIVER *** [6c Ah 6d 2s] [7h]
pipinoelbreve9: checks 
Leroux1996: bets €0.88
pipinoelbreve9: calls €0.88
*** SHOW DOWN ***
Leroux1996: shows [7d 7s] (a full house, Sevens full of Sixes)
pipinoelbreve9: mucks hand 
Leroux1996 collected €2.56 from pot
*** SUMMARY ***
Total pot €2.69 | Rake €0.13 
Board [6c Ah 6d 2s 7h]
Seat 1: Nimed (button) folded before Flop (didn't bet)
Seat 2: hope201319 (small blind) folded before Flop
Seat 3: pipinoelbreve9 (big blind) mucked [9c As]
Seat 4: el_heniek folded on the Flop
Seat 5: SrWatanabe folded before Flop (didn't bet)
Seat 6: Leroux1996 showed [7d 7s] and won (€2.56) with a full house, Sevens full of Sixes



PokerStars Zoom Hand #259377383352:  Hold'em No Limit (€0.02/€0.05) - 2026/01/19 17:10:44 CET [2026/01/19 11:10:44 ET]
Table 'Asterope' 6-max Seat #1 is the button
Seat 1: pipinoelbreve9 (€5.16 in chips) 
Seat 2: toxinho35 (€3.95 in chips) 
Seat 3: mentalist1479 (€1.50 in chips) 
Seat 4: Leroux1996 (€2.70 in chips) 
Seat 5: PapaPalm13 (€2.13 in chips) 
Seat 6: Moncerrate42 (€5.11 in chips) 
toxinho35: posts small blind €0.02
mentalist1479: posts big blind €0.05
*** HOLE CARDS ***
Dealt to pipinoelbreve9 [9s 9h]
Leroux1996: folds 
PapaPalm13: folds 
Moncerrate42: raises €0.05 to €0.10
pipinoelbreve9: raises €0.15 to €0.25
toxinho35: folds 
mentalist1479: folds 
Moncerrate42: calls €0.15
*** FLOP *** [4c 3s Qh]
Moncerrate42: checks 
pipinoelbreve9: bets €0.18
Moncerrate42: folds 
Uncalled bet (€0.18) returned to pipinoelbreve9
pipinoelbreve9 collected €0.54 from pot
pipinoelbreve9: doesn't show hand 
*** SUMMARY ***
Total pot €0.57 | Rake €0.03 
Board [4c 3s Qh]
Seat 1: pipinoelbreve9 (button) collected (€0.54)
Seat 2: toxinho35 (small blind) folded before Flop
Seat 3: mentalist1479 (big blind) folded before Flop
Seat 4: Leroux1996 folded before Flop (didn't bet)
Seat 5: PapaPalm13 folded before Flop (didn't bet)
Seat 6: Moncerrate42 folded on the Flop



PokerStars Zoom Hand #259377391283:  Hold'em No Limit (€0.02/€0.05) - 2026/01/19 17:11:28 CET [2026/01/19 11:11:28 ET]
Table 'Asterope' 6-max Seat #1 is the button
Seat 1: toxinho35 (€3.86 in chips) 
Seat 2: VirginLola (€7.80 in chips) 
Seat 3: nicalomano (€5.41 in chips) 
Seat 4: Zz8crackS (€4 in chips) 
Seat 5: pipinoelbreve9 (€5.45 in chips) 
Seat 6: mentalist1479 (€1.49 in chips) 
VirginLola: posts small blind €0.02
nicalomano: posts big blind €0.05
*** HOLE CARDS ***
Dealt to pipinoelbreve9 [Ah 4s]
Zz8crackS: raises €0.10 to €0.15
pipinoelbreve9: folds 
mentalist1479: folds 
toxinho35: folds 
VirginLola: folds 
nicalomano: calls €0.10
*** FLOP *** [3h 4d 2h]
nicalomano: checks 
Zz8crackS: bets €0.10
nicalomano: raises €0.28 to €0.38
Zz8crackS: calls €0.28
*** TURN *** [3h 4d 2h] [Jd]
nicalomano: checks 
Zz8crackS: checks 
*** RIVER *** [3h 4d 2h Jd] [2d]
nicalomano: checks 
Zz8crackS: bets €0.37
nicalomano: calls €0.37
*** SHOW DOWN ***
Zz8crackS: shows [7d 8d] (a flush, Jack high)
nicalomano: mucks hand 
Zz8crackS collected €1.73 from pot
*** SUMMARY ***
Total pot €1.82 | Rake €0.09 
Board [3h 4d 2h Jd 2d]
Seat 1: toxinho35 (button) folded before Flop (didn't bet)
Seat 2: VirginLola (small blind) folded before Flop
Seat 3: nicalomano (big blind) mucked [9s 9d]
Seat 4: Zz8crackS showed [7d 8d] and won (€1.73) with a flush, Jack high
Seat 5: pipinoelbreve9 folded before Flop (didn't bet)
Seat 6: mentalist1479 folded before Flop (didn't bet)



PokerStars Zoom Hand #259377395078:  Hold'em No Limit (€0.02/€0.05) - 2026/01/19 17:11:49 CET [2026/01/19 11:11:49 ET]
Table 'Asterope' 6-max Seat #1 is the button
Seat 1: IronMen1976 (€6.64 in chips) 
Seat 2: nicalomano (€5 in chips) 
Seat 3: Guiyerbajo (€11.06 in chips) 
Seat 4: pipinoelbreve9 (€5.45 in chips) 
Seat 5: Ischadia (€5.43 in chips) 
Seat 6: maxapelamos (€5.05 in chips) 
nicalomano: posts small blind €0.02
Guiyerbajo: posts big blind €0.05
*** HOLE CARDS ***
Dealt to pipinoelbreve9 [Qs 7s]
pipinoelbreve9: folds 
Ischadia: folds 
maxapelamos: folds 
IronMen1976: raises €0.06 to €0.11
nicalomano: folds 
Guiyerbajo: calls €0.06
*** FLOP *** [Js 7c 6s]
Guiyerbajo: checks 
IronMen1976: bets €0.15
Guiyerbajo: folds 
Uncalled bet (€0.15) returned to IronMen1976
IronMen1976 collected €0.23 from pot
IronMen1976: doesn't show hand 
*** SUMMARY ***
Total pot €0.24 | Rake €0.01 
Board [Js 7c 6s]
Seat 1: IronMen1976 (button) collected (€0.23)
Seat 2: nicalomano (small blind) folded before Flop
Seat 3: Guiyerbajo (big blind) folded on the Flop
Seat 4: pipinoelbreve9 folded before Flop (didn't bet)
Seat 5: Ischadia folded before Flop (didn't bet)
Seat 6: maxapelamos folded before Flop (didn't bet)



PokerStars Zoom Hand #259377394362:  Hold'em No Limit (€0.02/€0.05) - 2026/01/19 17:11:45 CET [2026/01/19 11:11:45 ET]
Table 'Asterope' 6-max Seat #1 is the button
Seat 1: llodio (€5.17 in chips) 
Seat 2: nicalomano (€5.78 in chips) 
Seat 3: el_heniek (€5.52 in chips) 
Seat 4: pipinoelbreve9 (€5.45 in chips) 
Seat 5: Nastqecs (€2.68 in chips) 
Seat 6: technoboy72 (€5.91 in chips) 
nicalomano: posts small blind €0.02
el_heniek: posts big blind €0.05
*** HOLE CARDS ***
Dealt to pipinoelbreve9 [8d 2s]
pipinoelbreve9: folds 
Nastqecs: raises €0.10 to €0.15
technoboy72: folds 
llodio: folds 
nicalomano: folds 
el_heniek: folds 
Uncalled bet (€0.10) returned to Nastqecs
Nastqecs collected €0.12 from pot
Nastqecs: doesn't show hand 
*** SUMMARY ***
Total pot €0.12 | Rake €0 
Seat 1: llodio (button) folded before Flop (didn't bet)
Seat 2: nicalomano (small blind) folded before Flop
Seat 3: el_heniek (big blind) folded before Flop
Seat 4: pipinoelbreve9 folded before Flop (didn't bet)
Seat 5: Nastqecs collected (€0.12)
Seat 6: technoboy72 folded before Flop (didn't bet)



PokerStars Zoom Hand #259377392738:  Hold'em No Limit (€0.02/€0.05) - 2026/01/19 17:11:36 CET [2026/01/19 11:11:36 ET]
Table 'Asterope' 6-max Seat #1 is the button
Seat 1: SrWatanabe (€5.08 in chips) 
Seat 2: crmLL (€3.27 in chips) 
Seat 3: marry24 (€5.07 in chips) 
Seat 4: Belacqua13 (€3.56 in chips) 
Seat 5: kombei63 (€4.81 in chips) 
Seat 6: pipinoelbreve9 (€5.45 in chips) 
crmLL: posts small blind €0.02
marry24: posts big blind €0.05
*** HOLE CARDS ***
Dealt to pipinoelbreve9 [2c Th]
Belacqua13: raises €0.10 to €0.15
kombei63: calls €0.15
pipinoelbreve9: folds 
SrWatanabe: folds 
crmLL: calls €0.13
marry24: calls €0.10
*** FLOP *** [7c 6h 6d]
crmLL: checks 
marry24: checks 
Belacqua13: checks 
kombei63: bets €0.30
crmLL: calls €0.30
marry24: folds 
Belacqua13: folds 
*** TURN *** [7c 6h 6d] [Js]
crmLL: checks 
kombei63: checks 
*** RIVER *** [7c 6h 6d Js] [9c]
crmLL: checks 
kombei63: checks 
*** SHOW DOWN ***
crmLL: shows [6s 7s] (a full house, Sixes full of Sevens)
kombei63: mucks hand 
crmLL collected €1.14 from pot
*** SUMMARY ***
Total pot €1.20 | Rake €0.06 
Board [7c 6h 6d Js 9c]
Seat 1: SrWatanabe (button) folded before Flop (didn't bet)
Seat 2: crmLL (small blind) showed [6s 7s] and won (€1.14) with a full house, Sixes full of Sevens
Seat 3: marry24 (big blind) folded on the Flop
Seat 4: Belacqua13 folded on the Flop
Seat 5: kombei63 mucked [4s 4c]
Seat 6: pipinoelbreve9 folded before Flop (didn't bet)



PokerStars Zoom Hand #259377395840:  Hold'em No Limit (€0.02/€0.05) - 2026/01/19 17:11:53 CET [2026/01/19 11:11:53 ET]
Table 'Asterope' 6-max Seat #1 is the button
Seat 1: PapaPalm13 (€2.12 in chips) 
Seat 2: pipinoelbreve9 (€5.45 in chips) 
Seat 3: xanly (€2 in chips) 
Seat 4: NCabral_SCP (€2.93 in chips) 
Seat 5: Moncerrate42 (€5.60 in chips) 
Seat 6: nicalomano (€5 in chips) 
pipinoelbreve9: posts small blind €0.02
xanly: posts big blind €0.05
*** HOLE CARDS ***
Dealt to pipinoelbreve9 [9s Qs]
NCabral_SCP: calls €0.05
Moncerrate42: folds 
nicalomano: calls €0.05
PapaPalm13: folds 
pipinoelbreve9: raises €0.25 to €0.30
xanly: folds 
NCabral_SCP: folds 
nicalomano: calls €0.25
*** FLOP *** [5s Qd Qh]
pipinoelbreve9: bets €0.22
nicalomano: folds 
Uncalled bet (€0.22) returned to pipinoelbreve9
pipinoelbreve9 collected €0.66 from pot
pipinoelbreve9: doesn't show hand 
*** SUMMARY ***
Total pot €0.70 | Rake €0.04 
Board [5s Qd Qh]
Seat 1: PapaPalm13 (button) folded before Flop (didn't bet)
Seat 2: pipinoelbreve9 (small blind) collected (€0.66)
Seat 3: xanly (big blind) folded before Flop
Seat 4: NCabral_SCP folded before Flop
Seat 5: Moncerrate42 folded before Flop (didn't bet)
Seat 6: nicalomano folded on the Flop



PokerStars Zoom Hand #259377409898:  Hold'em No Limit (€0.02/€0.05) - 2026/01/19 17:13:11 CET [2026/01/19 11:13:11 ET]
Table 'Asterope' 6-max Seat #1 is the button
Seat 1: scaramouche84 (€2.36 in chips) 
Seat 2: toxinho35 (€4.14 in chips) 
Seat 3: ManuyPablo (€4.87 in chips) 
Seat 4: maxapelamos (€5.39 in chips) 
Seat 5: Moncerrate42 (€5.14 in chips) 
Seat 6: pipinoelbreve9 (€5.76 in chips) 
toxinho35: posts small blind €0.02
ManuyPablo: posts big blind €0.05
*** HOLE CARDS ***
Dealt to pipinoelbreve9 [5s 3d]
maxapelamos: raises €0.10 to €0.15
Moncerrate42: folds 
pipinoelbreve9: folds 
scaramouche84: folds 
toxinho35: folds 
ManuyPablo: folds 
Uncalled bet (€0.10) returned to maxapelamos
maxapelamos collected €0.12 from pot
maxapelamos: doesn't show hand 
*** SUMMARY ***
Total pot €0.12 | Rake €0 
Seat 1: scaramouche84 (button) folded before Flop (didn't bet)
Seat 2: toxinho35 (small blind) folded before Flop
Seat 3: ManuyPablo (big blind) folded before Flop
Seat 4: maxapelamos collected (€0.12)
Seat 5: Moncerrate42 folded before Flop (didn't bet)
Seat 6: pipinoelbreve9 folded before Flop (didn't bet)



PokerStars Zoom Hand #259377411681:  Hold'em No Limit (€0.02/€0.05) - 2026/01/19 17:13:21 CET [2026/01/19 11:13:21 ET]
Table 'Asterope' 6-max Seat #1 is the button
Seat 1: TiraFinos94 (€6.34 in chips) 
Seat 2: maxapelamos (€5 in chips) 
Seat 3: el_heniek (€5.20 in chips) 
Seat 4: tientoAl2 (€7.69 in chips) 
Seat 5: pipinoelbreve9 (€5.76 in chips) 
Seat 6: nicalomano (€5.50 in chips) 
maxapelamos: posts small blind €0.02
el_heniek: posts big blind €0.05
*** HOLE CARDS ***
Dealt to pipinoelbreve9 [Js 3s]
tientoAl2: folds 
pipinoelbreve9: folds 
nicalomano: raises €0.07 to €0.12
TiraFinos94: folds 
maxapelamos: folds 
el_heniek: folds 
Uncalled bet (€0.07) returned to nicalomano
nicalomano collected €0.12 from pot
nicalomano: doesn't show hand 
*** SUMMARY ***
Total pot €0.12 | Rake €0 
Seat 1: TiraFinos94 (button) folded before Flop (didn't bet)
Seat 2: maxapelamos (small blind) folded before Flop
Seat 3: el_heniek (big blind) folded before Flop
Seat 4: tientoAl2 folded before Flop (didn't bet)
Seat 5: pipinoelbreve9 folded before Flop (didn't bet)
Seat 6: nicalomano collected (€0.12)



PokerStars Zoom Hand #259377410773:  Hold'em No Limit (€0.02/€0.05) - 2026/01/19 17:13:16 CET [2026/01/19 11:13:16 ET]
Table 'Asterope' 6-max Seat #1 is the button
Seat 1: pipinoelbreve9 (€5.76 in chips) 
Seat 2: el_heniek (€6.15 in chips) 
Seat 3: kombei63 (€4.43 in chips) 
Seat 4: nicalomano (€5 in chips) 
Seat 5: toxinho35 (€4.12 in chips) 
Seat 6: Juanclapa (€4.54 in chips) 
el_heniek: posts small blind €0.02
kombei63: posts big blind €0.05
*** HOLE CARDS ***
Dealt to pipinoelbreve9 [9h 3c]
nicalomano: folds 
toxinho35: calls €0.05
Juanclapa: folds 
pipinoelbreve9: folds 
el_heniek: raises €0.20 to €0.25
kombei63: folds 
toxinho35: calls €0.20
*** FLOP *** [Qc Td Kh]
el_heniek: bets €0.17
toxinho35: folds 
Uncalled bet (€0.17) returned to el_heniek
el_heniek collected €0.52 from pot
el_heniek: doesn't show hand 
*** SUMMARY ***
Total pot €0.55 | Rake €0.03 
Board [Qc Td Kh]
Seat 1: pipinoelbreve9 (button) folded before Flop (didn't bet)
Seat 2: el_heniek (small blind) collected (€0.52)
Seat 3: kombei63 (big blind) folded before Flop
Seat 4: nicalomano folded before Flop (didn't bet)
Seat 5: toxinho35 folded on the Flop
Seat 6: Juanclapa folded before Flop (didn't bet)



PokerStars Zoom Hand #259377412478:  Hold'em No Limit (€0.02/€0.05) - 2026/01/19 17:13:26 CET [2026/01/19 11:13:26 ET]
Table 'Asterope' 6-max Seat #1 is the button
Seat 1: Markpartebragas (€16.97 in chips) 
Seat 2: Ischadia (€5.28 in chips) 
Seat 3: ManuyPablo (€3.89 in chips) 
Seat 4: pipinoelbreve9 (€5.76 in chips) 
Seat 5: Juanclapa (€4.54 in chips) 
Seat 6: more457 (€3.95 in chips) 
Ischadia: posts small blind €0.02
ManuyPablo: posts big blind €0.05
*** HOLE CARDS ***
Dealt to pipinoelbreve9 [Ks Jc]
pipinoelbreve9: raises €0.07 to €0.12
Juanclapa: folds 
more457: folds 
Markpartebragas: folds 
Ischadia: folds 
ManuyPablo: calls €0.07
*** FLOP *** [Ah 7d 2h]
ManuyPablo: checks 
pipinoelbreve9: bets €0.08
ManuyPablo: calls €0.08
*** TURN *** [Ah 7d 2h] [As]
ManuyPablo: checks 
pipinoelbreve9: bets €0.26
ManuyPablo: folds 
Uncalled bet (€0.26) returned to pipinoelbreve9
pipinoelbreve9 collected €0.40 from pot
pipinoelbreve9: doesn't show hand 
*** SUMMARY ***
Total pot €0.42 | Rake €0.02 
Board [Ah 7d 2h As]
Seat 1: Markpartebragas (button) folded before Flop (didn't bet)
Seat 2: Ischadia (small blind) folded before Flop
Seat 3: ManuyPablo (big blind) folded on the Turn
Seat 4: pipinoelbreve9 collected (€0.40)
Seat 5: Juanclapa folded before Flop (didn't bet)
Seat 6: more457 folded before Flop (didn't bet)



PokerStars Zoom Hand #259377408153:  Hold'em No Limit (€0.02/€0.05) - 2026/01/19 17:13:01 CET [2026/01/19 11:13:01 ET]
Table 'Asterope' 6-max Seat #1 is the button
Seat 1: tientoAl2 (€7.69 in chips) 
Seat 2: Nimed (€5.65 in chips) 
Seat 3: pipinoelbreve9 (€5.81 in chips) 
Seat 4: Zz8crackS (€4.65 in chips) 
Seat 5: xanly (€1.93 in chips) 
Seat 6: TobbyBresil (€4.19 in chips) 
Nimed: posts small blind €0.02
pipinoelbreve9: posts big blind €0.05
*** HOLE CARDS ***
Dealt to pipinoelbreve9 [3h 7s]
Zz8crackS: folds 
xanly: raises €0.07 to €0.12
TobbyBresil: calls €0.12
tientoAl2: folds 
Nimed: folds 
pipinoelbreve9: folds 
*** FLOP *** [6c 5c 3c]
xanly: checks 
TobbyBresil: checks 
*** TURN *** [6c 5c 3c] [4s]
xanly: checks 
TobbyBresil: checks 
*** RIVER *** [6c 5c 3c 4s] [3s]
xanly: checks 
TobbyBresil: checks 
*** SHOW DOWN ***
xanly: shows [Ah Kd] (a pair of Threes)
TobbyBresil: mucks hand 
xanly collected €0.29 from pot
*** SUMMARY ***
Total pot €0.31 | Rake €0.02 
Board [6c 5c 3c 4s 3s]
Seat 1: tientoAl2 (button) folded before Flop (didn't bet)
Seat 2: Nimed (small blind) folded before Flop
Seat 3: pipinoelbreve9 (big blind) folded before Flop
Seat 4: Zz8crackS folded before Flop (didn't bet)
Seat 5: xanly showed [Ah Kd] and won (€0.29) with a pair of Threes
Seat 6: TobbyBresil mucked [Js Kh]



PokerStars Zoom Hand #259377418853:  Hold'em No Limit (€0.02/€0.05) - 2026/01/19 17:14:01 CET [2026/01/19 11:14:01 ET]
Table 'Asterope' 6-max Seat #1 is the button
Seat 1: pipinoelbreve9 (€5.96 in chips) 
Seat 2: more457 (€3.90 in chips) 
Seat 3: crmLL (€3.90 in chips) 
Seat 4: VirginLola (€8.94 in chips) 
Seat 5: mentalist1479 (€1.53 in chips) 
Seat 6: xanly (€2.47 in chips) 
more457: posts small blind €0.02
crmLL: posts big blind €0.05
*** HOLE CARDS ***
Dealt to pipinoelbreve9 [3s Kc]
VirginLola: raises €0.10 to €0.15
mentalist1479: folds 
xanly: folds 
pipinoelbreve9: folds 
more457: folds 
crmLL: calls €0.10
*** FLOP *** [4s Jc 5s]
crmLL: checks 
VirginLola: checks 
*** TURN *** [4s Jc 5s] [4d]
crmLL: checks 
VirginLola: checks 
*** RIVER *** [4s Jc 5s 4d] [Kd]
crmLL: checks 
VirginLola: checks 
*** SHOW DOWN ***
crmLL: shows [6d 5d] (two pair, Fives and Fours)
VirginLola: mucks hand 
crmLL collected €0.30 from pot
*** SUMMARY ***
Total pot €0.32 | Rake €0.02 
Board [4s Jc 5s 4d Kd]
Seat 1: pipinoelbreve9 (button) folded before Flop (didn't bet)
Seat 2: more457 (small blind) folded before Flop
Seat 3: crmLL (big blind) showed [6d 5d] and won (€0.30) with two pair, Fives and Fours
Seat 4: VirginLola mucked [9c Ad]
Seat 5: mentalist1479 folded before Flop (didn't bet)
Seat 6: xanly folded before Flop (didn't bet)



PokerStars Zoom Hand #259377419739:  Hold'em No Limit (€0.02/€0.05) - 2026/01/19 17:14:06 CET [2026/01/19 11:14:06 ET]
Table 'Asterope' 6-max Seat #1 is the button
Seat 1: olijmandrea (€6.60 in chips) 
Seat 2: maxapelamos (€5.34 in chips) 
Seat 3: pipinoelbreve9 (€5.96 in chips) 
Seat 4: PapaPalm13 (€2.25 in chips) 
Seat 5: IronMen1976 (€6.96 in chips) 
Seat 6: Zz8crackS (€6.06 in chips) 
maxapelamos: posts small blind €0.02
pipinoelbreve9: posts big blind €0.05
*** HOLE CARDS ***
Dealt to pipinoelbreve9 [Qh 6d]
PapaPalm13: calls €0.05
IronMen1976: folds 
Zz8crackS: folds 
olijmandrea: folds 
maxapelamos: calls €0.03
pipinoelbreve9: checks 
*** FLOP *** [Jd 9c 5d]
maxapelamos: checks 
pipinoelbreve9: checks 
PapaPalm13: bets €0.14
maxapelamos: folds 
pipinoelbreve9: folds 
Uncalled bet (€0.14) returned to PapaPalm13
PapaPalm13 collected €0.14 from pot
PapaPalm13: doesn't show hand 
*** SUMMARY ***
Total pot €0.15 | Rake €0.01 
Board [Jd 9c 5d]
Seat 1: olijmandrea (button) folded before Flop (didn't bet)
Seat 2: maxapelamos (small blind) folded on the Flop
Seat 3: pipinoelbreve9 (big blind) folded on the Flop
Seat 4: PapaPalm13 collected (€0.14)
Seat 5: IronMen1976 folded before Flop (didn't bet)
Seat 6: Zz8crackS folded before Flop (didn't bet)



PokerStars Zoom Hand #259377428826:  Hold'em No Limit (€0.02/€0.05) - 2026/01/19 17:14:56 CET [2026/01/19 11:14:56 ET]
Table 'Asterope' 6-max Seat #1 is the button
Seat 1: kombei63 (€3.97 in chips) 
Seat 2: olijmandrea (€6.60 in chips) 
Seat 3: SHK3000 (€5.10 in chips) 
Seat 4: Markpartebragas (€16.85 in chips) 
Seat 5: Ivangennaro (€8.17 in chips) 
Seat 6: pipinoelbreve9 (€5.89 in chips) 
olijmandrea: posts small blind €0.02
SHK3000: posts big blind €0.05
*** HOLE CARDS ***
Dealt to pipinoelbreve9 [8h 4s]
Markpartebragas: folds 
Ivangennaro: folds 
pipinoelbreve9: folds 
kombei63: raises €0.12 to €0.17
olijmandrea: folds 
SHK3000: folds 
Uncalled bet (€0.12) returned to kombei63
kombei63 collected €0.12 from pot
kombei63: doesn't show hand 
*** SUMMARY ***
Total pot €0.12 | Rake €0 
Seat 1: kombei63 (button) collected (€0.12)
Seat 2: olijmandrea (small blind) folded before Flop
Seat 3: SHK3000 (big blind) folded before Flop
Seat 4: Markpartebragas folded before Flop (didn't bet)
Seat 5: Ivangennaro folded before Flop (didn't bet)
Seat 6: pipinoelbreve9 folded before Flop (didn't bet)



PokerStars Zoom Hand #259377427963:  Hold'em No Limit (€0.02/€0.05) - 2026/01/19 17:14:51 CET [2026/01/19 11:14:51 ET]
Table 'Asterope' 6-max Seat #1 is the button
Seat 1: Nimed (€5.69 in chips) 
Seat 2: pipinoelbreve9 (€5.91 in chips) 
Seat 3: JACBO137 (€4.60 in chips) 
Seat 4: nicalomano (€5 in chips) 
Seat 5: NCabral_SCP (€2.54 in chips) 
Seat 6: llodio (€5.10 in chips) 
pipinoelbreve9: posts small blind €0.02
JACBO137: posts big blind €0.05
*** HOLE CARDS ***
Dealt to pipinoelbreve9 [Js 7d]
nicalomano: folds 
NCabral_SCP: folds 
llodio: folds 
Nimed: raises €0.07 to €0.12
pipinoelbreve9: folds 
JACBO137: calls €0.07
*** FLOP *** [Jh Ad Kh]
JACBO137: checks 
Nimed: bets €0.08
JACBO137: calls €0.08
*** TURN *** [Jh Ad Kh] [Ks]
JACBO137: checks 
Nimed: checks 
*** RIVER *** [Jh Ad Kh Ks] [Ts]
JACBO137: bets €0.40
Nimed: folds 
Uncalled bet (€0.40) returned to JACBO137
JACBO137 collected €0.40 from pot
JACBO137: doesn't show hand 
*** SUMMARY ***
Total pot €0.42 | Rake €0.02 
Board [Jh Ad Kh Ks Ts]
Seat 1: Nimed (button) folded on the River
Seat 2: pipinoelbreve9 (small blind) folded before Flop
Seat 3: JACBO137 (big blind) collected (€0.40)
Seat 4: nicalomano folded before Flop (didn't bet)
Seat 5: NCabral_SCP folded before Flop (didn't bet)
Seat 6: llodio folded before Flop (didn't bet)



PokerStars Zoom Hand #259377431095:  Hold'em No Limit (€0.02/€0.05) - 2026/01/19 17:15:09 CET [2026/01/19 11:15:09 ET]
Table 'Asterope' 6-max Seat #1 is the button
Seat 1: Cachola777 (€1.93 in chips) 
Seat 2: technoboy72 (€13.02 in chips) 
Seat 3: Titus295 (€3.56 in chips) 
Seat 4: nicalomano (€5 in chips) 
Seat 5: pipinoelbreve9 (€5.89 in chips) 
Seat 6: mentalist1479 (€1.39 in chips) 
technoboy72: posts small blind €0.02
Titus295: posts big blind €0.05
*** HOLE CARDS ***
Dealt to pipinoelbreve9 [9s Qc]
nicalomano: folds 
pipinoelbreve9: folds 
mentalist1479: calls €0.05
Cachola777: folds 
technoboy72: folds 
Titus295: checks 
*** FLOP *** [Kd Td 4d]
Titus295: checks 
mentalist1479: bets €0.11
Titus295: folds 
Uncalled bet (€0.11) returned to mentalist1479
mentalist1479 collected €0.11 from pot
mentalist1479: doesn't show hand 
*** SUMMARY ***
Total pot €0.12 | Rake €0.01 
Board [Kd Td 4d]
Seat 1: Cachola777 (button) folded before Flop (didn't bet)
Seat 2: technoboy72 (small blind) folded before Flop
Seat 3: Titus295 (big blind) folded on the Flop
Seat 4: nicalomano folded before Flop (didn't bet)
Seat 5: pipinoelbreve9 folded before Flop (didn't bet)
Seat 6: mentalist1479 collected (€0.11)



PokerStars Zoom Hand #259377432704:  Hold'em No Limit (€0.02/€0.05) - 2026/01/19 17:15:17 CET [2026/01/19 11:15:17 ET]
Table 'Asterope' 6-max Seat #1 is the button
Seat 1: pipinoelbreve9 (€5.89 in chips) 
Seat 2: crmLL (€3.88 in chips) 
Seat 3: technoboy72 (€13 in chips) 
Seat 4: kombei63 (€4.04 in chips) 
Seat 5: nicalomano (€5.02 in chips) 
Seat 6: lmiranda.pt (€4.56 in chips) 
crmLL: posts small blind €0.02
technoboy72: posts big blind €0.05
*** HOLE CARDS ***
Dealt to pipinoelbreve9 [Qc Qd]
kombei63: folds 
nicalomano: folds 
lmiranda.pt: folds 
pipinoelbreve9: raises €0.07 to €0.12
crmLL: calls €0.10
technoboy72: folds 
*** FLOP *** [7s Ah 9s]
crmLL: checks 
pipinoelbreve9: bets €0.09
crmLL: calls €0.09
*** TURN *** [7s Ah 9s] [9c]
crmLL: checks 
pipinoelbreve9: checks 
*** RIVER *** [7s Ah 9s 9c] [Kc]
crmLL: checks 
pipinoelbreve9: checks 
*** SHOW DOWN ***
crmLL: shows [7d Td] (two pair, Nines and Sevens)
pipinoelbreve9: shows [Qc Qd] (two pair, Queens and Nines)
pipinoelbreve9 collected €0.45 from pot
*** SUMMARY ***
Total pot €0.47 | Rake €0.02 
Board [7s Ah 9s 9c Kc]
Seat 1: pipinoelbreve9 (button) showed [Qc Qd] and won (€0.45) with two pair, Queens and Nines
Seat 2: crmLL (small blind) showed [7d Td] and lost with two pair, Nines and Sevens
Seat 3: technoboy72 (big blind) folded before Flop
Seat 4: kombei63 folded before Flop (didn't bet)
Seat 5: nicalomano folded before Flop (didn't bet)
Seat 6: lmiranda.pt folded before Flop (didn't bet)



PokerStars Zoom Hand #259377442753:  Hold'em No Limit (€0.02/€0.05) - 2026/01/19 17:16:13 CET [2026/01/19 11:16:13 ET]
Table 'Asterope' 6-max Seat #1 is the button
Seat 1: Ivangennaro (€5 in chips) 
Seat 2: Moncerrate42 (€5.02 in chips) 
Seat 3: mentalist1479 (€1.63 in chips) 
Seat 4: Nimed (€15.25 in chips) 
Seat 5: pipinoelbreve9 (€6.13 in chips) 
Seat 6: NCabral_SCP (€2.30 in chips) 
Moncerrate42: posts small blind €0.02
mentalist1479: posts big blind €0.05
*** HOLE CARDS ***
Dealt to pipinoelbreve9 [Tc 7d]
Nimed: folds 
pipinoelbreve9: folds 
NCabral_SCP: folds 
Ivangennaro: folds 
Moncerrate42: raises €0.10 to €0.15
mentalist1479: folds 
Uncalled bet (€0.10) returned to Moncerrate42
Moncerrate42 collected €0.10 from pot
Moncerrate42: doesn't show hand 
*** SUMMARY ***
Total pot €0.10 | Rake €0 
Seat 1: Ivangennaro (button) folded before Flop (didn't bet)
Seat 2: Moncerrate42 (small blind) collected (€0.10)
Seat 3: mentalist1479 (big blind) folded before Flop
Seat 4: Nimed folded before Flop (didn't bet)
Seat 5: pipinoelbreve9 folded before Flop (didn't bet)
Seat 6: NCabral_SCP folded before Flop (didn't bet)



PokerStars Zoom Hand #259377443860:  Hold'em No Limit (€0.02/€0.05) - 2026/01/19 17:16:19 CET [2026/01/19 11:16:19 ET]
Table 'Asterope' 6-max Seat #1 is the button
Seat 1: NCabral_SCP (€2.30 in chips) 
Seat 2: Zz8crackS (€6.32 in chips) 
Seat 3: pipinoelbreve9 (€6.13 in chips) 
Seat 4: DeividBox980 (€6.28 in chips) 
Seat 5: SHK3000 (€6.02 in chips) 
Seat 6: xanly (€2.11 in chips) 
Zz8crackS: posts small blind €0.02
pipinoelbreve9: posts big blind €0.05
*** HOLE CARDS ***
Dealt to pipinoelbreve9 [6h 8h]
DeividBox980: folds 
SHK3000: raises €0.15 to €0.20
xanly: folds 
NCabral_SCP: folds 
Zz8crackS: folds 
pipinoelbreve9: calls €0.15
*** FLOP *** [2h 6d Jd]
pipinoelbreve9: checks 
SHK3000: bets €0.26
pipinoelbreve9: calls €0.26
*** TURN *** [2h 6d Jd] [5h]
pipinoelbreve9: checks 
SHK3000: bets €0.59
pipinoelbreve9: calls €0.59
*** RIVER *** [2h 6d Jd 5h] [Qh]
pipinoelbreve9: checks 
SHK3000: checks 
*** SHOW DOWN ***
pipinoelbreve9: shows [6h 8h] (a flush, Queen high)
SHK3000: mucks hand 
pipinoelbreve9 collected €2.01 from pot
*** SUMMARY ***
Total pot €2.12 | Rake €0.11 
Board [2h 6d Jd 5h Qh]
Seat 1: NCabral_SCP (button) folded before Flop (didn't bet)
Seat 2: Zz8crackS (small blind) folded before Flop
Seat 3: pipinoelbreve9 (big blind) showed [6h 8h] and won (€2.01) with a flush, Queen high
Seat 4: DeividBox980 folded before Flop (didn't bet)
Seat 5: SHK3000 mucked [8d 8c]
Seat 6: xanly folded before Flop (didn't bet)



PokerStars Zoom Hand #259377452782:  Hold'em No Limit (€0.02/€0.05) - 2026/01/19 17:17:08 CET [2026/01/19 11:17:08 ET]
Table 'Asterope' 6-max Seat #1 is the button
Seat 1: Patxoca (€4.93 in chips) 
Seat 2: ManuyPablo (€4.23 in chips) 
Seat 3: nicalomano (€5.01 in chips) 
Seat 4: pkbestone (€9.41 in chips) 
Seat 5: tientoAl2 (€7.13 in chips) 
Seat 6: pipinoelbreve9 (€7.09 in chips) 
ManuyPablo: posts small blind €0.02
nicalomano: posts big blind €0.05
*** HOLE CARDS ***
Dealt to pipinoelbreve9 [6c Td]
pkbestone: folds 
tientoAl2: folds 
pipinoelbreve9: folds 
Patxoca: folds 
ManuyPablo: folds 
Uncalled bet (€0.03) returned to nicalomano
nicalomano collected €0.04 from pot
nicalomano: doesn't show hand 
*** SUMMARY ***
Total pot €0.04 | Rake €0 
Seat 1: Patxoca (button) folded before Flop (didn't bet)
Seat 2: ManuyPablo (small blind) folded before Flop
Seat 3: nicalomano (big blind) collected (€0.04)
Seat 4: pkbestone folded before Flop (didn't bet)
Seat 5: tientoAl2 folded before Flop (didn't bet)
Seat 6: pipinoelbreve9 folded before Flop (didn't bet)



PokerStars Zoom Hand #259377453592:  Hold'em No Limit (€0.02/€0.05) - 2026/01/19 17:17:13 CET [2026/01/19 11:17:13 ET]
Table 'Asterope' 6-max Seat #1 is the button
Seat 1: kombei63 (€6.16 in chips) 
Seat 2: pipinoelbreve9 (€7.09 in chips) 
Seat 3: Patxoca (€4.93 in chips) 
Seat 4: NEMOXYX (€5 in chips) 
Seat 5: Titus295 (€3.12 in chips) 
Seat 6: ferrilon (€4.41 in chips) 
pipinoelbreve9: posts small blind €0.02
Patxoca: posts big blind €0.05
*** HOLE CARDS ***
Dealt to pipinoelbreve9 [5h 8c]
NEMOXYX: folds 
Titus295: folds 
ferrilon: raises €0.05 to €0.10
kombei63: folds 
pipinoelbreve9: folds 
Patxoca: folds 
Uncalled bet (€0.05) returned to ferrilon
ferrilon collected €0.12 from pot
ferrilon: doesn't show hand 
*** SUMMARY ***
Total pot €0.12 | Rake €0 
Seat 1: kombei63 (button) folded before Flop (didn't bet)
Seat 2: pipinoelbreve9 (small blind) folded before Flop
Seat 3: Patxoca (big blind) folded before Flop
Seat 4: NEMOXYX folded before Flop (didn't bet)
Seat 5: Titus295 folded before Flop (didn't bet)
Seat 6: ferrilon collected (€0.12)



PokerStars Zoom Hand #259377455379:  Hold'em No Limit (€0.02/€0.05) - 2026/01/19 17:17:23 CET [2026/01/19 11:17:23 ET]
Table 'Asterope' 6-max Seat #1 is the button
Seat 1: llodio (€17.76 in chips) 
Seat 2: PapaPalm13 (€2.06 in chips) 
Seat 3: ablasco-713 (€3 in chips) 
Seat 4: pipinoelbreve9 (€7.07 in chips) 
Seat 5: kombei63 (€6.14 in chips) 
Seat 6: Belacqua13 (€5.57 in chips) 
PapaPalm13: posts small blind €0.02
ablasco-713: posts big blind €0.05
*** HOLE CARDS ***
Dealt to pipinoelbreve9 [Td 3c]
pipinoelbreve9: folds 
kombei63: folds 
Belacqua13: folds 
llodio: folds 
PapaPalm13: calls €0.03
ablasco-713: checks 
*** FLOP *** [Ts Ah 5c]
PapaPalm13: bets €0.05
ablasco-713: folds 
Uncalled bet (€0.05) returned to PapaPalm13
PapaPalm13 collected €0.10 from pot
PapaPalm13: doesn't show hand 
*** SUMMARY ***
Total pot €0.10 | Rake €0 
Board [Ts Ah 5c]
Seat 1: llodio (button) folded before Flop (didn't bet)
Seat 2: PapaPalm13 (small blind) collected (€0.10)
Seat 3: ablasco-713 (big blind) folded on the Flop
Seat 4: pipinoelbreve9 folded before Flop (didn't bet)
Seat 5: kombei63 folded before Flop (didn't bet)
Seat 6: Belacqua13 folded before Flop (didn't bet)



PokerStars Zoom Hand #259377456762:  Hold'em No Limit (€0.02/€0.05) - 2026/01/19 17:17:31 CET [2026/01/19 11:17:31 ET]
Table 'Asterope' 6-max Seat #1 is the button
Seat 1: Moncerrate42 (€11.49 in chips) 
Seat 2: marry24 (€5 in chips) 
Seat 3: llodio (€5.10 in chips) 
Seat 4: el_heniek (€11.21 in chips) 
Seat 5: Belacqua13 (€5.57 in chips) 
Seat 6: pipinoelbreve9 (€7.07 in chips) 
marry24: posts small blind €0.02
llodio: posts big blind €0.05
*** HOLE CARDS ***
Dealt to pipinoelbreve9 [Qd 5c]
el_heniek: folds 
Belacqua13: folds 
pipinoelbreve9: folds 
Moncerrate42: folds 
marry24: folds 
Uncalled bet (€0.03) returned to llodio
llodio collected €0.04 from pot
llodio: doesn't show hand 
*** SUMMARY ***
Total pot €0.04 | Rake €0 
Seat 1: Moncerrate42 (button) folded before Flop (didn't bet)
Seat 2: marry24 (small blind) folded before Flop
Seat 3: llodio (big blind) collected (€0.04)
Seat 4: el_heniek folded before Flop (didn't bet)
Seat 5: Belacqua13 folded before Flop (didn't bet)
Seat 6: pipinoelbreve9 folded before Flop (didn't bet)



PokerStars Zoom Hand #259377459255:  Hold'em No Limit (€0.02/€0.05) - 2026/01/19 17:17:44 CET [2026/01/19 11:17:44 ET]
Table 'Asterope' 6-max Seat #1 is the button
Seat 1: Red Skywalk (€5.65 in chips) 
Seat 2: el_heniek (€11.21 in chips) 
Seat 3: Nimed (€5.71 in chips) 
Seat 4: pipinoelbreve9 (€7.07 in chips) 
Seat 5: Markpartebragas (€12.50 in chips) 
Seat 6: kombei63 (€3.47 in chips) 
el_heniek: posts small blind €0.02
Nimed: posts big blind €0.05
*** HOLE CARDS ***
Dealt to pipinoelbreve9 [Jh Qc]
pipinoelbreve9: raises €0.07 to €0.12
Markpartebragas: folds 
kombei63: calls €0.12
Red Skywalk: calls €0.12
el_heniek: folds 
Nimed: folds 
*** FLOP *** [2h 2c 7h]
pipinoelbreve9: checks 
kombei63: checks 
Red Skywalk: bets €0.21
pipinoelbreve9: folds 
kombei63: folds 
Uncalled bet (€0.21) returned to Red Skywalk
Red Skywalk collected €0.41 from pot
Red Skywalk: doesn't show hand 
*** SUMMARY ***
Total pot €0.43 | Rake €0.02 
Board [2h 2c 7h]
Seat 1: Red Skywalk (button) collected (€0.41)
Seat 2: el_heniek (small blind) folded before Flop
Seat 3: Nimed (big blind) folded before Flop
Seat 4: pipinoelbreve9 folded on the Flop
Seat 5: Markpartebragas folded before Flop (didn't bet)
Seat 6: kombei63 folded on the Flop



PokerStars Zoom Hand #259377464743:  Hold'em No Limit (€0.02/€0.05) - 2026/01/19 17:18:14 CET [2026/01/19 11:18:14 ET]
Table 'Asterope' 6-max Seat #1 is the button
Seat 1: TobbyBresil (€3.03 in chips) 
Seat 2: pkbestone (€9.36 in chips) 
Seat 3: pipinoelbreve9 (€6.95 in chips) 
Seat 4: more457 (€7.60 in chips) 
Seat 5: kombei63 (€6.14 in chips) 
Seat 6: Patxoca (€4.79 in chips) 
pkbestone: posts small blind €0.02
pipinoelbreve9: posts big blind €0.05
*** HOLE CARDS ***
Dealt to pipinoelbreve9 [Ts Qs]
more457: folds 
kombei63: folds 
Patxoca: raises €0.12 to €0.17
TobbyBresil: folds 
pkbestone: raises €0.39 to €0.56
pipinoelbreve9: folds 
Patxoca: folds 
Uncalled bet (€0.39) returned to pkbestone
pkbestone collected €0.39 from pot
pkbestone: doesn't show hand 
*** SUMMARY ***
Total pot €0.39 | Rake €0 
Seat 1: TobbyBresil (button) folded before Flop (didn't bet)
Seat 2: pkbestone (small blind) collected (€0.39)
Seat 3: pipinoelbreve9 (big blind) folded before Flop
Seat 4: more457 folded before Flop (didn't bet)
Seat 5: kombei63 folded before Flop (didn't bet)
Seat 6: Patxoca folded before Flop



PokerStars Zoom Hand #259377468204:  Hold'em No Limit (€0.02/€0.05) - 2026/01/19 17:18:33 CET [2026/01/19 11:18:33 ET]
Table 'Asterope' 6-max Seat #1 is the button
Seat 1: ablasco-713 (€2.78 in chips) 
Seat 2: pipinoelbreve9 (€6.90 in chips) 
Seat 3: more457 (€7.60 in chips) 
Seat 4: Ivangennaro (€5 in chips) 
Seat 5: volcanos10 (€4.24 in chips) 
Seat 6: TobbyBresil (€3.03 in chips) 
pipinoelbreve9: posts small blind €0.02
more457: posts big blind €0.05
*** HOLE CARDS ***
Dealt to pipinoelbreve9 [3s Ah]
Ivangennaro: folds 
volcanos10: raises €0.05 to €0.10
TobbyBresil: folds 
ablasco-713: folds 
pipinoelbreve9: folds 
more457: folds 
Uncalled bet (€0.05) returned to volcanos10
volcanos10 collected €0.12 from pot
volcanos10: doesn't show hand 
*** SUMMARY ***
Total pot €0.12 | Rake €0 
Seat 1: ablasco-713 (button) folded before Flop (didn't bet)
Seat 2: pipinoelbreve9 (small blind) folded before Flop
Seat 3: more457 (big blind) folded before Flop
Seat 4: Ivangennaro folded before Flop (didn't bet)
Seat 5: volcanos10 collected (€0.12)
Seat 6: TobbyBresil folded before Flop (didn't bet)



PokerStars Zoom Hand #259377475492:  Hold'em No Limit (€0.02/€0.05) - 2026/01/19 17:19:13 CET [2026/01/19 11:19:13 ET]
Table 'Asterope' 6-max Seat #1 is the button
Seat 1: Ivangennaro (€5.30 in chips) 
Seat 2: NEMOXYX (€5 in chips) 
Seat 3: mentalist1479 (€1.58 in chips) 
Seat 4: Belacqua13 (€5.50 in chips) 
Seat 5: pipinoelbreve9 (€6.88 in chips) 
Seat 6: TiraFinos94 (€7.65 in chips) 
NEMOXYX: posts small blind €0.02
mentalist1479: posts big blind €0.05
*** HOLE CARDS ***
Dealt to pipinoelbreve9 [7d 5d]
Belacqua13: folds 
pipinoelbreve9: folds 
TiraFinos94: folds 
Ivangennaro: folds 
NEMOXYX: raises €0.10 to €0.15
mentalist1479: folds 
Uncalled bet (€0.10) returned to NEMOXYX
NEMOXYX collected €0.10 from pot
NEMOXYX: doesn't show hand 
*** SUMMARY ***
Total pot €0.10 | Rake €0 
Seat 1: Ivangennaro (button) folded before Flop (didn't bet)
Seat 2: NEMOXYX (small blind) collected (€0.10)
Seat 3: mentalist1479 (big blind) folded before Flop
Seat 4: Belacqua13 folded before Flop (didn't bet)
Seat 5: pipinoelbreve9 folded before Flop (didn't bet)
Seat 6: TiraFinos94 folded before Flop (didn't bet)



PokerStars Zoom Hand #259377476962:  Hold'em No Limit (€0.02/€0.05) - 2026/01/19 17:19:21 CET [2026/01/19 11:19:21 ET]
Table 'Asterope' 6-max Seat #1 is the button
Seat 1: TiraFinos94 (€5.36 in chips) 
Seat 2: SirButterman (€5.64 in chips) 
Seat 3: Ischadia (€7.22 in chips) 
Seat 4: fiku1 (€4.95 in chips) 
Seat 5: pipinoelbreve9 (€6.88 in chips) 
Seat 6: pompavana (€4.93 in chips) 
SirButterman: posts small blind €0.02
Ischadia: posts big blind €0.05
*** HOLE CARDS ***
Dealt to pipinoelbreve9 [Th 3s]
fiku1: folds 
pipinoelbreve9: folds 
pompavana: folds 
TiraFinos94: folds 
SirButterman: folds 
Uncalled bet (€0.03) returned to Ischadia
Ischadia collected €0.04 from pot
Ischadia: doesn't show hand 
*** SUMMARY ***
Total pot €0.04 | Rake €0 
Seat 1: TiraFinos94 (button) folded before Flop (didn't bet)
Seat 2: SirButterman (small blind) folded before Flop
Seat 3: Ischadia (big blind) collected (€0.04)
Seat 4: fiku1 folded before Flop (didn't bet)
Seat 5: pipinoelbreve9 folded before Flop (didn't bet)
Seat 6: pompavana folded before Flop (didn't bet)



PokerStars Zoom Hand #259377478615:  Hold'em No Limit (€0.02/€0.05) - 2026/01/19 17:19:30 CET [2026/01/19 11:19:30 ET]
Table 'Asterope' 6-max Seat #1 is the button
Seat 1: pipinoelbreve9 (€6.88 in chips) 
Seat 2: Ivangennaro (€5.12 in chips) 
Seat 3: TiraFinos94 (€5 in chips) 
Seat 4: marry24 (€7.47 in chips) 
Seat 5: kombei63 (€5.51 in chips) 
Seat 6: Rubeen_lm02 (€2.87 in chips) 
Ivangennaro: posts small blind €0.02
TiraFinos94: posts big blind €0.05
*** HOLE CARDS ***
Dealt to pipinoelbreve9 [9c 4h]
marry24: folds 
kombei63: folds 
Rubeen_lm02: folds 
pipinoelbreve9: folds 
Ivangennaro: folds 
Uncalled bet (€0.03) returned to TiraFinos94
TiraFinos94 collected €0.04 from pot
TiraFinos94: doesn't show hand 
*** SUMMARY ***
Total pot €0.04 | Rake €0 
Seat 1: pipinoelbreve9 (button) folded before Flop (didn't bet)
Seat 2: Ivangennaro (small blind) folded before Flop
Seat 3: TiraFinos94 (big blind) collected (€0.04)
Seat 4: marry24 folded before Flop (didn't bet)
Seat 5: kombei63 folded before Flop (didn't bet)
Seat 6: Rubeen_lm02 folded before Flop (didn't bet)



PokerStars Zoom Hand #259377479538:  Hold'em No Limit (€0.02/€0.05) - 2026/01/19 17:19:35 CET [2026/01/19 11:19:35 ET]
Table 'Asterope' 6-max Seat #1 is the button
Seat 1: Tapadino (€4.98 in chips) 
Seat 2: ManuyPablo (€4.47 in chips) 
Seat 3: kombei63 (€1.12 in chips) 
Seat 4: crmLL (€4.73 in chips) 
Seat 5: nicalomano (€5.30 in chips) 
Seat 6: pipinoelbreve9 (€6.88 in chips) 
ManuyPablo: posts small blind €0.02
kombei63: posts big blind €0.05
*** HOLE CARDS ***
Dealt to pipinoelbreve9 [3c 6c]
crmLL: raises €0.10 to €0.15
nicalomano: calls €0.15
pipinoelbreve9: folds 
Tapadino: folds 
ManuyPablo: folds 
kombei63: raises €0.47 to €0.62
crmLL: folds 
nicalomano: raises €0.84 to €1.46
kombei63: calls €0.50 and is all-in
Uncalled bet (€0.34) returned to nicalomano
*** FLOP *** [8h 4s 9d]
*** TURN *** [8h 4s 9d] [Ac]
*** RIVER *** [8h 4s 9d Ac] [3h]
*** SHOW DOWN ***
kombei63: shows [Jh Jd] (a pair of Jacks)
nicalomano: shows [7s 7d] (a pair of Sevens)
kombei63 collected €2.29 from pot
*** SUMMARY ***
Total pot €2.41 | Rake €0.12 
Board [8h 4s 9d Ac 3h]
Seat 1: Tapadino (button) folded before Flop (didn't bet)
Seat 2: ManuyPablo (small blind) folded before Flop
Seat 3: kombei63 (big blind) showed [Jh Jd] and won (€2.29) with a pair of Jacks
Seat 4: crmLL folded before Flop
Seat 5: nicalomano showed [7s 7d] and lost with a pair of Sevens
Seat 6: pipinoelbreve9 folded before Flop (didn't bet)



PokerStars Zoom Hand #259377473287:  Hold'em No Limit (€0.02/€0.05) - 2026/01/19 17:19:01 CET [2026/01/19 11:19:01 ET]
Table 'Asterope' 6-max Seat #1 is the button
Seat 1: pipinoelbreve9 (€6.88 in chips) 
Seat 2: el_heniek (€11.28 in chips) 
Seat 3: Markpartebragas (€12.99 in chips) 
Seat 4: TiraFinos94 (€5.35 in chips) 
Seat 5: choclo736 (€7.15 in chips) 
Seat 6: crmLL (€3.90 in chips) 
el_heniek: posts small blind €0.02
Markpartebragas: posts big blind €0.05
*** HOLE CARDS ***
Dealt to pipinoelbreve9 [8c 3h]
TiraFinos94: folds 
choclo736: folds 
crmLL: folds 
pipinoelbreve9: folds 
el_heniek: raises €0.07 to €0.12
Markpartebragas: calls €0.07
*** FLOP *** [8d 9c Qd]
el_heniek: checks 
Markpartebragas: checks 
*** TURN *** [8d 9c Qd] [9d]
el_heniek: checks 
Markpartebragas: bets €0.23
el_heniek: folds 
Uncalled bet (€0.23) returned to Markpartebragas
Markpartebragas collected €0.23 from pot
Markpartebragas: doesn't show hand 
*** SUMMARY ***
Total pot €0.24 | Rake €0.01 
Board [8d 9c Qd 9d]
Seat 1: pipinoelbreve9 (button) folded before Flop (didn't bet)
Seat 2: el_heniek (small blind) folded on the Turn
Seat 3: Markpartebragas (big blind) collected (€0.23)
Seat 4: TiraFinos94 folded before Flop (didn't bet)
Seat 5: choclo736 folded before Flop (didn't bet)
Seat 6: crmLL folded before Flop (didn't bet)



PokerStars Zoom Hand #259377482138:  Hold'em No Limit (€0.02/€0.05) - 2026/01/19 17:19:49 CET [2026/01/19 11:19:49 ET]
Table 'Asterope' 6-max Seat #1 is the button
Seat 1: ManuyPablo (€4.23 in chips) 
Seat 2: pipinoelbreve9 (€6.83 in chips) 
Seat 3: DeividBox980 (€5.96 in chips) 
Seat 4: crmLL (€4.58 in chips) 
Seat 5: nicalomano (€5 in chips) 
Seat 6: maxapelamos (€6.88 in chips) 
pipinoelbreve9: posts small blind €0.02
DeividBox980: posts big blind €0.05
*** HOLE CARDS ***
Dealt to pipinoelbreve9 [5h 5s]
crmLL: raises €0.05 to €0.10
nicalomano: folds 
maxapelamos: folds 
ManuyPablo: folds 
pipinoelbreve9: raises €0.35 to €0.45
DeividBox980: folds 
crmLL: folds 
Uncalled bet (€0.35) returned to pipinoelbreve9
pipinoelbreve9 collected €0.25 from pot
pipinoelbreve9: doesn't show hand 
*** SUMMARY ***
Total pot €0.25 | Rake €0 
Seat 1: ManuyPablo (button) folded before Flop (didn't bet)
Seat 2: pipinoelbreve9 (small blind) collected (€0.25)
Seat 3: DeividBox980 (big blind) folded before Flop
Seat 4: crmLL folded before Flop
Seat 5: nicalomano folded before Flop (didn't bet)
Seat 6: maxapelamos folded before Flop (didn't bet)



PokerStars Zoom Hand #259377480576:  Hold'em No Limit (€0.02/€0.05) - 2026/01/19 17:19:41 CET [2026/01/19 11:19:41 ET]
Table 'Asterope' 6-max Seat #1 is the button
Seat 1: choclo736 (€6.90 in chips) 
Seat 2: Nastqecs (€2.11 in chips) 
Seat 3: pipinoelbreve9 (€6.88 in chips) 
Seat 4: kurekuro (€3.36 in chips) 
Seat 5: Cachola777 (€2.91 in chips) 
Seat 6: ivantilt1982 (€4.35 in chips) 
Nastqecs: posts small blind €0.02
pipinoelbreve9: posts big blind €0.05
*** HOLE CARDS ***
Dealt to pipinoelbreve9 [9c 3h]
kurekuro: folds 
Cachola777: raises €0.10 to €0.15
ivantilt1982: folds 
choclo736: calls €0.15
Nastqecs: raises €0.10 to €0.25
pipinoelbreve9: folds 
Cachola777: calls €0.10
choclo736: calls €0.10
*** FLOP *** [Qh Tc 4h]
Nastqecs: bets €0.25
Cachola777: calls €0.25
choclo736: folds 
*** TURN *** [Qh Tc 4h] [4s]
Nastqecs: bets €1.61 and is all-in
Cachola777: folds 
Uncalled bet (€1.61) returned to Nastqecs
Nastqecs collected €1.24 from pot
Nastqecs: doesn't show hand 
*** SUMMARY ***
Total pot €1.30 | Rake €0.06 
Board [Qh Tc 4h 4s]
Seat 1: choclo736 (button) folded on the Flop
Seat 2: Nastqecs (small blind) collected (€1.24)
Seat 3: pipinoelbreve9 (big blind) folded before Flop
Seat 4: kurekuro folded before Flop (didn't bet)
Seat 5: Cachola777 folded on the Turn
Seat 6: ivantilt1982 folded before Flop (didn't bet)



PokerStars Zoom Hand #259377485629:  Hold'em No Limit (€0.02/€0.05) - 2026/01/19 17:20:08 CET [2026/01/19 11:20:08 ET]
Table 'Asterope' 6-max Seat #1 is the button
Seat 1: lmiranda.pt (€4.98 in chips) 
Seat 2: crmLL (€4.48 in chips) 
Seat 3: KMLSound (€5 in chips) 
Seat 4: pipinoelbreve9 (€6.98 in chips) 
Seat 5: mentalist1479 (€1.49 in chips) 
Seat 6: ferrilon (€8.83 in chips) 
crmLL: posts small blind €0.02
KMLSound: posts big blind €0.05
*** HOLE CARDS ***
Dealt to pipinoelbreve9 [Kc Kh]
pipinoelbreve9: raises €0.07 to €0.12
mentalist1479: folds 
ferrilon: raises €0.17 to €0.29
lmiranda.pt: folds 
crmLL: folds 
KMLSound: folds 
pipinoelbreve9: raises €0.60 to €0.89
ferrilon: calls €0.60
*** FLOP *** [3s Th 4d]
pipinoelbreve9: bets €0.58
ferrilon: calls €0.58
*** TURN *** [3s Th 4d] [Ad]
pipinoelbreve9: bets €1.89
ferrilon: folds 
Uncalled bet (€1.89) returned to pipinoelbreve9
pipinoelbreve9 collected €2.86 from pot
pipinoelbreve9: doesn't show hand 
*** SUMMARY ***
Total pot €3.01 | Rake €0.15 
Board [3s Th 4d Ad]
Seat 1: lmiranda.pt (button) folded before Flop (didn't bet)
Seat 2: crmLL (small blind) folded before Flop
Seat 3: KMLSound (big blind) folded before Flop
Seat 4: pipinoelbreve9 collected (€2.86)
Seat 5: mentalist1479 folded before Flop (didn't bet)
Seat 6: ferrilon folded on the Turn



PokerStars Zoom Hand #259377497309:  Hold'em No Limit (€0.02/€0.05) - 2026/01/19 17:21:12 CET [2026/01/19 11:21:12 ET]
Table 'Asterope' 6-max Seat #1 is the button
Seat 1: VirginLola (€8.21 in chips) 
Seat 2: llodio (€5.66 in chips) 
Seat 3: pipinoelbreve9 (€8.37 in chips) 
Seat 4: Tapadino (€4.81 in chips) 
Seat 5: Ischadia (€6.36 in chips) 
Seat 6: scaramouche84 (€3.04 in chips) 
llodio: posts small blind €0.02
pipinoelbreve9: posts big blind €0.05
*** HOLE CARDS ***
Dealt to pipinoelbreve9 [5d Jc]
Tapadino: raises €0.10 to €0.15
Ischadia: folds 
scaramouche84: folds 
VirginLola: folds 
llodio: calls €0.13
pipinoelbreve9: folds 
*** FLOP *** [Kc 8d 2d]
llodio: checks 
Tapadino: bets €0.10
llodio: folds 
Uncalled bet (€0.10) returned to Tapadino
Tapadino collected €0.33 from pot
Tapadino: doesn't show hand 
*** SUMMARY ***
Total pot €0.35 | Rake €0.02 
Board [Kc 8d 2d]
Seat 1: VirginLola (button) folded before Flop (didn't bet)
Seat 2: llodio (small blind) folded on the Flop
Seat 3: pipinoelbreve9 (big blind) folded before Flop
Seat 4: Tapadino collected (€0.33)
Seat 5: Ischadia folded before Flop (didn't bet)
Seat 6: scaramouche84 folded before Flop (didn't bet)



PokerStars Zoom Hand #259377502895:  Hold'em No Limit (€0.02/€0.05) - 2026/01/19 17:21:42 CET [2026/01/19 11:21:42 ET]
Table 'Asterope' 6-max Seat #1 is the button
Seat 1: olijmandrea (€8.48 in chips) 
Seat 2: pipinoelbreve9 (€8.32 in chips) 
Seat 3: fiku1 (€4.88 in chips) 
Seat 4: nickmajo (€5 in chips) 
Seat 5: Nastqecs (€2.45 in chips) 
Seat 6: ivantilt1982 (€4.68 in chips) 
pipinoelbreve9: posts small blind €0.02
fiku1: posts big blind €0.05
*** HOLE CARDS ***
Dealt to pipinoelbreve9 [8h 6s]
nickmajo: folds 
Nastqecs: raises €0.05 to €0.10
ivantilt1982: folds 
olijmandrea: folds 
pipinoelbreve9: folds 
fiku1: folds 
Uncalled bet (€0.05) returned to Nastqecs
Nastqecs collected €0.12 from pot
Nastqecs: doesn't show hand 
*** SUMMARY ***
Total pot €0.12 | Rake €0 
Seat 1: olijmandrea (button) folded before Flop (didn't bet)
Seat 2: pipinoelbreve9 (small blind) folded before Flop
Seat 3: fiku1 (big blind) folded before Flop
Seat 4: nickmajo folded before Flop (didn't bet)
Seat 5: Nastqecs collected (€0.12)
Seat 6: ivantilt1982 folded before Flop (didn't bet)



PokerStars Zoom Hand #259377501942:  Hold'em No Limit (€0.02/€0.05) - 2026/01/19 17:21:37 CET [2026/01/19 11:21:37 ET]
Table 'Asterope' 6-max Seat #1 is the button
Seat 1: Cachola777 (€1.42 in chips) 
Seat 2: nicalomano (€5.10 in chips) 
Seat 3: ManuyPablo (€4.20 in chips) 
Seat 4: olijmandrea (€8.48 in chips) 
Seat 5: nickmajo (€5 in chips) 
Seat 6: pipinoelbreve9 (€8.32 in chips) 
nicalomano: posts small blind €0.02
ManuyPablo: posts big blind €0.05
*** HOLE CARDS ***
Dealt to pipinoelbreve9 [9d Qh]
olijmandrea: folds 
nickmajo: folds 
pipinoelbreve9: folds 
Cachola777: raises €0.05 to €0.10
nicalomano: folds 
ManuyPablo: folds 
Uncalled bet (€0.05) returned to Cachola777
Cachola777 collected €0.12 from pot
Cachola777: doesn't show hand 
*** SUMMARY ***
Total pot €0.12 | Rake €0 
Seat 1: Cachola777 (button) collected (€0.12)
Seat 2: nicalomano (small blind) folded before Flop
Seat 3: ManuyPablo (big blind) folded before Flop
Seat 4: olijmandrea folded before Flop (didn't bet)
Seat 5: nickmajo folded before Flop (didn't bet)
Seat 6: pipinoelbreve9 folded before Flop (didn't bet)



PokerStars Zoom Hand #259377496468:  Hold'em No Limit (€0.02/€0.05) - 2026/01/19 17:21:07 CET [2026/01/19 11:21:07 ET]
Table 'Asterope' 6-max Seat #1 is the button
Seat 1: maxapelamos (€5.55 in chips) 
Seat 2: TiraFinos94 (€7.72 in chips) 
Seat 3: KMLSound (€5.55 in chips) 
Seat 4: nicalomano (€5.63 in chips) 
Seat 5: pipinoelbreve9 (€8.37 in chips) 
Seat 6: Guiyerbajo (€5.20 in chips) 
TiraFinos94: posts small blind €0.02
KMLSound: posts big blind €0.05
*** HOLE CARDS ***
Dealt to pipinoelbreve9 [3c 5h]
nicalomano: raises €0.07 to €0.12
pipinoelbreve9: folds 
Guiyerbajo: calls €0.12
maxapelamos: raises €0.43 to €0.55
TiraFinos94: calls €0.53
KMLSound: folds 
nicalomano: folds 
Guiyerbajo: folds 
*** FLOP *** [4d Qs Tc]
TiraFinos94: checks 
maxapelamos: bets €0.66
TiraFinos94: calls €0.66
*** TURN *** [4d Qs Tc] [9c]
TiraFinos94: checks 
maxapelamos: checks 
*** RIVER *** [4d Qs Tc 9c] [6c]
TiraFinos94: bets €1.35
maxapelamos: calls €1.35
*** SHOW DOWN ***
TiraFinos94: shows [8d 9d] (a pair of Nines)
maxapelamos: shows [Kd Kh] (a pair of Kings)
maxapelamos collected €5.14 from pot
*** SUMMARY ***
Total pot €5.41 | Rake €0.27 
Board [4d Qs Tc 9c 6c]
Seat 1: maxapelamos (button) showed [Kd Kh] and won (€5.14) with a pair of Kings
Seat 2: TiraFinos94 (small blind) showed [8d 9d] and lost with a pair of Nines
Seat 3: KMLSound (big blind) folded before Flop
Seat 4: nicalomano folded before Flop
Seat 5: pipinoelbreve9 folded before Flop (didn't bet)
Seat 6: Guiyerbajo folded before Flop



PokerStars Zoom Hand #259377504472:  Hold'em No Limit (€0.02/€0.05) - 2026/01/19 17:21:51 CET [2026/01/19 11:21:51 ET]
Table 'Asterope' 6-max Seat #1 is the button
Seat 1: nickmajo (€5 in chips) 
Seat 2: Markpartebragas (€20.04 in chips) 
Seat 3: technoboy72 (€5.85 in chips) 
Seat 4: lorocontento (€1.93 in chips) 
Seat 5: fiku1 (€4.83 in chips) 
Seat 6: pipinoelbreve9 (€8.30 in chips) 
Markpartebragas: posts small blind €0.02
technoboy72: posts big blind €0.05
*** HOLE CARDS ***
Dealt to pipinoelbreve9 [8h Ad]
lorocontento: folds 
fiku1: folds 
pipinoelbreve9: raises €0.07 to €0.12
nickmajo: folds 
Markpartebragas: folds 
technoboy72: folds 
Uncalled bet (€0.07) returned to pipinoelbreve9
pipinoelbreve9 collected €0.12 from pot
pipinoelbreve9: doesn't show hand 
*** SUMMARY ***
Total pot €0.12 | Rake €0 
Seat 1: nickmajo (button) folded before Flop (didn't bet)
Seat 2: Markpartebragas (small blind) folded before Flop
Seat 3: technoboy72 (big blind) folded before Flop
Seat 4: lorocontento folded before Flop (didn't bet)
Seat 5: fiku1 folded before Flop (didn't bet)
Seat 6: pipinoelbreve9 collected (€0.12)



PokerStars Zoom Hand #259377503705:  Hold'em No Limit (€0.02/€0.05) - 2026/01/19 17:21:46 CET [2026/01/19 11:21:46 ET]
Table 'Asterope' 6-max Seat #1 is the button
Seat 1: TiraFinos94 (€5.47 in chips) 
Seat 2: nickmajo (€5 in chips) 
Seat 3: Tapadino (€4.97 in chips) 
Seat 4: pipinoelbreve9 (€8.30 in chips) 
Seat 5: Nimed (€7.23 in chips) 
Seat 6: ablasco-713 (€2.27 in chips) 
nickmajo: posts small blind €0.02
Tapadino: posts big blind €0.05
*** HOLE CARDS ***
Dealt to pipinoelbreve9 [Td 8c]
pipinoelbreve9: folds 
Nimed: folds 
ablasco-713: folds 
TiraFinos94: raises €0.10 to €0.15
nickmajo: raises €0.35 to €0.50
Tapadino: folds 
TiraFinos94: folds 
Uncalled bet (€0.35) returned to nickmajo
nickmajo collected €0.35 from pot
nickmajo: doesn't show hand 
*** SUMMARY ***
Total pot €0.35 | Rake €0 
Seat 1: TiraFinos94 (button) folded before Flop
Seat 2: nickmajo (small blind) collected (€0.35)
Seat 3: Tapadino (big blind) folded before Flop
Seat 4: pipinoelbreve9 folded before Flop (didn't bet)
Seat 5: Nimed folded before Flop (didn't bet)
Seat 6: ablasco-713 folded before Flop (didn't bet)



PokerStars Zoom Hand #259377495537:  Hold'em No Limit (€0.02/€0.05) - 2026/01/19 17:21:02 CET [2026/01/19 11:21:02 ET]
Table 'Asterope' 6-max Seat #1 is the button
Seat 1: llodio (€5.71 in chips) 
Seat 2: Ivangennaro (€7.94 in chips) 
Seat 3: Valterpes100 (€4.80 in chips) 
Seat 4: pipinoelbreve9 (€8.37 in chips) 
Seat 5: olivereta (€7.25 in chips) 
Seat 6: technoboy72 (€13.13 in chips) 
Ivangennaro: posts small blind €0.02
Valterpes100: posts big blind €0.05
*** HOLE CARDS ***
Dealt to pipinoelbreve9 [5c 6d]
pipinoelbreve9: folds 
olivereta: raises €0.10 to €0.15
technoboy72: calls €0.15
llodio: folds 
Ivangennaro: folds 
Valterpes100: folds 
*** FLOP *** [3c 9s 4d]
olivereta: bets €0.35
technoboy72: calls €0.35
*** TURN *** [3c 9s 4d] [3h]
olivereta: checks 
technoboy72: checks 
*** RIVER *** [3c 9s 4d 3h] [Qs]
olivereta: bets €1.02
technoboy72: raises €1.38 to €2.40
olivereta: calls €1.38
*** SHOW DOWN ***
technoboy72: shows [Ah Ad] (two pair, Aces and Threes)
olivereta: mucks hand 
technoboy72 collected €5.58 from pot
*** SUMMARY ***
Total pot €5.87 | Rake €0.29 
Board [3c 9s 4d 3h Qs]
Seat 1: llodio (button) folded before Flop (didn't bet)
Seat 2: Ivangennaro (small blind) folded before Flop
Seat 3: Valterpes100 (big blind) folded before Flop
Seat 4: pipinoelbreve9 folded before Flop (didn't bet)
Seat 5: olivereta mucked [Kd Kh]
Seat 6: technoboy72 showed [Ah Ad] and won (€5.58) with two pair, Aces and Threes



PokerStars Zoom Hand #259377499969:  Hold'em No Limit (€0.02/€0.05) - 2026/01/19 17:21:27 CET [2026/01/19 11:21:27 ET]
Table 'Asterope' 6-max Seat #1 is the button
Seat 1: pipinoelbreve9 (€8.32 in chips) 
Seat 2: Ischadia (€6.36 in chips) 
Seat 3: TiraFinos94 (€5.54 in chips) 
Seat 4: KMLSound (€5.91 in chips) 
Seat 5: crmLL (€3.59 in chips) 
Seat 6: TobbyBresil (€3.27 in chips) 
Ischadia: posts small blind €0.02
TiraFinos94: posts big blind €0.05
*** HOLE CARDS ***
Dealt to pipinoelbreve9 [Th 2h]
KMLSound: folds 
crmLL: folds 
TobbyBresil: raises €0.05 to €0.10
pipinoelbreve9: folds 
Ischadia: calls €0.08
TiraFinos94: folds 
*** FLOP *** [Qd 4h 9c]
Ischadia: checks 
TobbyBresil: checks 
*** TURN *** [Qd 4h 9c] [2c]
Ischadia: bets €0.12
TobbyBresil: calls €0.12
*** RIVER *** [Qd 4h 9c 2c] [9d]
Ischadia: bets €0.35
TobbyBresil: folds 
Uncalled bet (€0.35) returned to Ischadia
Ischadia collected €0.47 from pot
Ischadia: doesn't show hand 
*** SUMMARY ***
Total pot €0.49 | Rake €0.02 
Board [Qd 4h 9c 2c 9d]
Seat 1: pipinoelbreve9 (button) folded before Flop (didn't bet)
Seat 2: Ischadia (small blind) collected (€0.47)
Seat 3: TiraFinos94 (big blind) folded before Flop
Seat 4: KMLSound folded before Flop (didn't bet)
Seat 5: crmLL folded before Flop (didn't bet)
Seat 6: TobbyBresil folded on the River



PokerStars Zoom Hand #259377507180:  Hold'em No Limit (€0.02/€0.05) - 2026/01/19 17:22:05 CET [2026/01/19 11:22:05 ET]
Table 'Asterope' 6-max Seat #1 is the button
Seat 1: maxapelamos (€6.64 in chips) 
Seat 2: pipinoelbreve9 (€8.37 in chips) 
Seat 3: SirButterman (€7.07 in chips) 
Seat 4: TiraFinos94 (€5.16 in chips) 
Seat 5: Tapadino (€4.92 in chips) 
Seat 6: ManuyPablo (€4.13 in chips) 
pipinoelbreve9: posts small blind €0.02
SirButterman: posts big blind €0.05
*** HOLE CARDS ***
Dealt to pipinoelbreve9 [Ad 3d]
TiraFinos94: raises €0.10 to €0.15
Tapadino: folds 
ManuyPablo: folds 
maxapelamos: folds 
pipinoelbreve9: calls €0.13
SirButterman: folds 
*** FLOP *** [3s Jd 2s]
pipinoelbreve9: checks 
TiraFinos94: bets €0.17
pipinoelbreve9: calls €0.17
*** TURN *** [3s Jd 2s] [4c]
pipinoelbreve9: checks 
TiraFinos94: checks 
*** RIVER *** [3s Jd 2s 4c] [6h]
pipinoelbreve9: bets €0.22
TiraFinos94: calls €0.22
*** SHOW DOWN ***
pipinoelbreve9: shows [Ad 3d] (a pair of Threes)
TiraFinos94: shows [8h 8c] (a pair of Eights)
TiraFinos94 collected €1.07 from pot
*** SUMMARY ***
Total pot €1.13 | Rake €0.06 
Board [3s Jd 2s 4c 6h]
Seat 1: maxapelamos (button) folded before Flop (didn't bet)
Seat 2: pipinoelbreve9 (small blind) showed [Ad 3d] and lost with a pair of Threes
Seat 3: SirButterman (big blind) folded before Flop
Seat 4: TiraFinos94 showed [8h 8c] and won (€1.07) with a pair of Eights
Seat 5: Tapadino folded before Flop (didn't bet)
Seat 6: ManuyPablo folded before Flop (didn't bet)



PokerStars Zoom Hand #259377517935:  Hold'em No Limit (€0.02/€0.05) - 2026/01/19 17:23:03 CET [2026/01/19 11:23:03 ET]
Table 'Asterope' 6-max Seat #1 is the button
Seat 1: Markpartebragas (€18.07 in chips) 
Seat 2: technoboy72 (€5.73 in chips) 
Seat 3: kombei63 (€6.10 in chips) 
Seat 4: Ischadia (€12.83 in chips) 
Seat 5: pipinoelbreve9 (€7.83 in chips) 
Seat 6: scaramouche84 (€2.93 in chips) 
technoboy72: posts small blind €0.02
kombei63: posts big blind €0.05
*** HOLE CARDS ***
Dealt to pipinoelbreve9 [Th 6s]
Ischadia: folds 
pipinoelbreve9: folds 
scaramouche84: folds 
Markpartebragas: folds 
technoboy72: folds 
Uncalled bet (€0.03) returned to kombei63
kombei63 collected €0.04 from pot
kombei63: doesn't show hand 
*** SUMMARY ***
Total pot €0.04 | Rake €0 
Seat 1: Markpartebragas (button) folded before Flop (didn't bet)
Seat 2: technoboy72 (small blind) folded before Flop
Seat 3: kombei63 (big blind) collected (€0.04)
Seat 4: Ischadia folded before Flop (didn't bet)
Seat 5: pipinoelbreve9 folded before Flop (didn't bet)
Seat 6: scaramouche84 folded before Flop (didn't bet)



PokerStars Zoom Hand #259377516235:  Hold'em No Limit (€0.02/€0.05) - 2026/01/19 17:22:54 CET [2026/01/19 11:22:54 ET]
Table 'Asterope' 6-max Seat #1 is the button
Seat 1: pipinoelbreve9 (€7.83 in chips) 
Seat 2: Nuno335 (€3.80 in chips) 
Seat 3: oizoo86 (€5 in chips) 
Seat 4: tientoAl2 (€5 in chips) 
Seat 5: choclo736 (€5.36 in chips) 
Seat 6: TiraFinos94 (€5.69 in chips) 
Nuno335: posts small blind €0.02
oizoo86: posts big blind €0.05
*** HOLE CARDS ***
Dealt to pipinoelbreve9 [4s 2h]
tientoAl2: folds 
choclo736: folds 
TiraFinos94: folds 
pipinoelbreve9: folds 
Nuno335: raises €0.10 to €0.15
oizoo86: folds 
Uncalled bet (€0.10) returned to Nuno335
Nuno335 collected €0.10 from pot
Nuno335: doesn't show hand 
*** SUMMARY ***
Total pot €0.10 | Rake €0 
Seat 1: pipinoelbreve9 (button) folded before Flop (didn't bet)
Seat 2: Nuno335 (small blind) collected (€0.10)
Seat 3: oizoo86 (big blind) folded before Flop
Seat 4: tientoAl2 folded before Flop (didn't bet)
Seat 5: choclo736 folded before Flop (didn't bet)
Seat 6: TiraFinos94 folded before Flop (didn't bet)



PokerStars Zoom Hand #259377518766:  Hold'em No Limit (€0.02/€0.05) - 2026/01/19 17:23:07 CET [2026/01/19 11:23:07 ET]
Table 'Asterope' 6-max Seat #1 is the button
Seat 1: nickmajo (€5 in chips) 
Seat 2: le pistash (€5 in chips) 
Seat 3: pipinoelbreve9 (€7.83 in chips) 
Seat 4: KMLSound (€6.57 in chips) 
Seat 5: Nimed (€5.29 in chips) 
Seat 6: Markpartebragas (€18.07 in chips) 
le pistash: posts small blind €0.02
pipinoelbreve9: posts big blind €0.05
*** HOLE CARDS ***
Dealt to pipinoelbreve9 [Ah Jh]
KMLSound: folds 
Nimed: folds 
Markpartebragas: folds 
nickmajo: folds 
le pistash: folds 
Uncalled bet (€0.03) returned to pipinoelbreve9
pipinoelbreve9 collected €0.04 from pot
pipinoelbreve9: doesn't show hand 
*** SUMMARY ***
Total pot €0.04 | Rake €0 
Seat 1: nickmajo (button) folded before Flop (didn't bet)
Seat 2: le pistash (small blind) folded before Flop
Seat 3: pipinoelbreve9 (big blind) collected (€0.04)
Seat 4: KMLSound folded before Flop (didn't bet)
Seat 5: Nimed folded before Flop (didn't bet)
Seat 6: Markpartebragas folded before Flop (didn't bet)



PokerStars Zoom Hand #259377523381:  Hold'em No Limit (€0.02/€0.05) - 2026/01/19 17:23:32 CET [2026/01/19 11:23:32 ET]
Table 'Asterope' 6-max Seat #1 is the button
Seat 1: Nimed (€5.24 in chips) 
Seat 2: oizoo86 (€5.05 in chips) 
Seat 3: choclo736 (€5.50 in chips) 
Seat 4: DeividBox980 (€6.91 in chips) 
Seat 5: CondeVnCount (€5.07 in chips) 
Seat 6: pipinoelbreve9 (€7.85 in chips) 
oizoo86: posts small blind €0.02
choclo736: posts big blind €0.05
*** HOLE CARDS ***
Dealt to pipinoelbreve9 [3c Ts]
DeividBox980: folds 
CondeVnCount: raises €0.10 to €0.15
pipinoelbreve9: folds 
Nimed: folds 
oizoo86: folds 
choclo736: raises €0.67 to €0.82
CondeVnCount: folds 
Uncalled bet (€0.67) returned to choclo736
choclo736 collected €0.32 from pot
choclo736: doesn't show hand 
*** SUMMARY ***
Total pot €0.32 | Rake €0 
Seat 1: Nimed (button) folded before Flop (didn't bet)
Seat 2: oizoo86 (small blind) folded before Flop
Seat 3: choclo736 (big blind) collected (€0.32)
Seat 4: DeividBox980 folded before Flop (didn't bet)
Seat 5: CondeVnCount folded before Flop
Seat 6: pipinoelbreve9 folded before Flop (didn't bet)



PokerStars Zoom Hand #259377524178:  Hold'em No Limit (€0.02/€0.05) - 2026/01/19 17:23:36 CET [2026/01/19 11:23:36 ET]
Table 'Asterope' 6-max Seat #1 is the button
Seat 1: pipinoelbreve9 (€7.85 in chips) 
Seat 2: pompavana (€5.07 in chips) 
Seat 3: glandeur66 (€3.04 in chips) 
Seat 4: 99rtz (€4.14 in chips) 
Seat 5: kombei63 (€2.48 in chips) 
Seat 6: Ivangennaro (€5.33 in chips) 
pompavana: posts small blind €0.02
glandeur66: posts big blind €0.05
*** HOLE CARDS ***
Dealt to pipinoelbreve9 [3s 8d]
99rtz: raises €0.05 to €0.10
kombei63: calls €0.10
Ivangennaro: folds 
pipinoelbreve9: folds 
pompavana: calls €0.08
glandeur66: calls €0.05
*** FLOP *** [7d Jd 3d]
pompavana: checks 
glandeur66: checks 
99rtz: checks 
kombei63: bets €0.29
pompavana: folds 
glandeur66: folds 
99rtz: folds 
Uncalled bet (€0.29) returned to kombei63
kombei63 collected €0.38 from pot
kombei63: doesn't show hand 
*** SUMMARY ***
Total pot €0.40 | Rake €0.02 
Board [7d Jd 3d]
Seat 1: pipinoelbreve9 (button) folded before Flop (didn't bet)
Seat 2: pompavana (small blind) folded on the Flop
Seat 3: glandeur66 (big blind) folded on the Flop
Seat 4: 99rtz folded on the Flop
Seat 5: kombei63 collected (€0.38)
Seat 6: Ivangennaro folded before Flop (didn't bet)



PokerStars Zoom Hand #259377524956:  Hold'em No Limit (€0.02/€0.05) - 2026/01/19 17:23:41 CET [2026/01/19 11:23:41 ET]
Table 'Asterope' 6-max Seat #1 is the button
Seat 1: ablasco-713 (€4.22 in chips) 
Seat 2: Nimed (€14.41 in chips) 
Seat 3: Ischadia (€12.90 in chips) 
Seat 4: romii2112 (€6.42 in chips) 
Seat 5: pipinoelbreve9 (€7.85 in chips) 
Seat 6: pikito86 (€3.99 in chips) 
Nimed: posts small blind €0.02
Ischadia: posts big blind €0.05
*** HOLE CARDS ***
Dealt to pipinoelbreve9 [Qd Qs]
romii2112: folds 
pipinoelbreve9: raises €0.07 to €0.12
pikito86: folds 
ablasco-713: raises €0.27 to €0.39
Nimed: folds 
Ischadia: folds 
pipinoelbreve9: calls €0.27
*** FLOP *** [Kd 6c Ac]
pipinoelbreve9: checks 
ablasco-713: bets €0.05
pipinoelbreve9: calls €0.05
*** TURN *** [Kd 6c Ac] [Qh]
pipinoelbreve9: checks 
ablasco-713: checks 
*** RIVER *** [Kd 6c Ac Qh] [Tc]
pipinoelbreve9: checks 
ablasco-713: bets €0.70
pipinoelbreve9: calls €0.70
*** SHOW DOWN ***
ablasco-713: shows [9s Js] (a straight, Ten to Ace)
pipinoelbreve9: mucks hand 
ablasco-713 collected €2.23 from pot
*** SUMMARY ***
Total pot €2.35 | Rake €0.12 
Board [Kd 6c Ac Qh Tc]
Seat 1: ablasco-713 (button) showed [9s Js] and won (€2.23) with a straight, Ten to Ace
Seat 2: Nimed (small blind) folded before Flop
Seat 3: Ischadia (big blind) folded before Flop
Seat 4: romii2112 folded before Flop (didn't bet)
Seat 5: pipinoelbreve9 mucked [Qd Qs]
Seat 6: pikito86 folded before Flop (didn't bet)



PokerStars Zoom Hand #259377541524:  Hold'em No Limit (€0.02/€0.05) - 2026/01/19 17:25:09 CET [2026/01/19 11:25:09 ET]
Table 'Asterope' 6-max Seat #1 is the button
Seat 1: ManuyPablo (€3.93 in chips) 
Seat 2: oizoo86 (€4.78 in chips) 
Seat 3: pipinoelbreve9 (€6.71 in chips) 
Seat 4: crmLL (€4 in chips) 
Seat 5: 99rtz (€4.18 in chips) 
Seat 6: Rubeen_lm02 (€1.38 in chips) 
oizoo86: posts small blind €0.02
pipinoelbreve9: posts big blind €0.05
*** HOLE CARDS ***
Dealt to pipinoelbreve9 [3s Ah]
crmLL: folds 
99rtz: folds 
Rubeen_lm02: raises €1.33 to €1.38 and is all-in
ManuyPablo: folds 
oizoo86: folds 
pipinoelbreve9: folds 
Uncalled bet (€1.33) returned to Rubeen_lm02
Rubeen_lm02 collected €0.12 from pot
Rubeen_lm02: doesn't show hand 
*** SUMMARY ***
Total pot €0.12 | Rake €0 
Seat 1: ManuyPablo (button) folded before Flop (didn't bet)
Seat 2: oizoo86 (small blind) folded before Flop
Seat 3: pipinoelbreve9 (big blind) folded before Flop
Seat 4: crmLL folded before Flop (didn't bet)
Seat 5: 99rtz folded before Flop (didn't bet)
Seat 6: Rubeen_lm02 collected (€0.12)



PokerStars Zoom Hand #259377538121:  Hold'em No Limit (€0.02/€0.05) - 2026/01/19 17:24:51 CET [2026/01/19 11:24:51 ET]
Table 'Asterope' 6-max Seat #1 is the button
Seat 1: KMLSound (€6.35 in chips) 
Seat 2: JACBO137 (€6.57 in chips) 
Seat 3: VirginLola (€7.70 in chips) 
Seat 4: pipinoelbreve9 (€6.71 in chips) 
Seat 5: SirButterman (€7.18 in chips) 
Seat 6: Ischadia (€12.90 in chips) 
JACBO137: posts small blind €0.02
VirginLola: posts big blind €0.05
*** HOLE CARDS ***
Dealt to pipinoelbreve9 [Ad 8c]
pipinoelbreve9: folds 
SirButterman: folds 
Ischadia: raises €0.10 to €0.15
KMLSound: calls €0.15
JACBO137: folds 
VirginLola: folds 
*** FLOP *** [5h Kh 9s]
Ischadia: bets €0.18
KMLSound: calls €0.18
*** TURN *** [5h Kh 9s] [3c]
Ischadia: checks 
KMLSound: checks 
*** RIVER *** [5h Kh 9s 3c] [2c]
Ischadia: bets €0.35
KMLSound: folds 
Uncalled bet (€0.35) returned to Ischadia
Ischadia collected €0.69 from pot
Ischadia: doesn't show hand 
*** SUMMARY ***
Total pot €0.73 | Rake €0.04 
Board [5h Kh 9s 3c 2c]
Seat 1: KMLSound (button) folded on the River
Seat 2: JACBO137 (small blind) folded before Flop
Seat 3: VirginLola (big blind) folded before Flop
Seat 4: pipinoelbreve9 folded before Flop (didn't bet)
Seat 5: SirButterman folded before Flop (didn't bet)
Seat 6: Ischadia collected (€0.69)



PokerStars Zoom Hand #259377540362:  Hold'em No Limit (€0.02/€0.05) - 2026/01/19 17:25:03 CET [2026/01/19 11:25:03 ET]
Table 'Asterope' 6-max Seat #1 is the button
Seat 1: eljesus996 (€12.57 in chips) 
Seat 2: kurekuro (€3.15 in chips) 
Seat 3: Ivangennaro (€5.68 in chips) 
Seat 4: pipinoelbreve9 (€6.71 in chips) 
Seat 5: maxapelamos (€7.28 in chips) 
Seat 6: Markpartebragas (€14.32 in chips) 
kurekuro: posts small blind €0.02
Ivangennaro: posts big blind €0.05
*** HOLE CARDS ***
Dealt to pipinoelbreve9 [4h Jc]
pipinoelbreve9: folds 
maxapelamos: raises €0.10 to €0.15
Markpartebragas: raises €0.22 to €0.37
eljesus996: folds 
kurekuro: folds 
Ivangennaro: folds 
maxapelamos: raises €0.81 to €1.18
Markpartebragas: raises €13.14 to €14.32 and is all-in
maxapelamos: folds 
Uncalled bet (€13.14) returned to Markpartebragas
Markpartebragas collected €2.43 from pot
Markpartebragas: doesn't show hand 
*** SUMMARY ***
Total pot €2.43 | Rake €0 
Seat 1: eljesus996 (button) folded before Flop (didn't bet)
Seat 2: kurekuro (small blind) folded before Flop
Seat 3: Ivangennaro (big blind) folded before Flop
Seat 4: pipinoelbreve9 folded before Flop (didn't bet)
Seat 5: maxapelamos folded before Flop
Seat 6: Markpartebragas collected (€2.43)



PokerStars Zoom Hand #259377546698:  Hold'em No Limit (€0.02/€0.05) - 2026/01/19 17:25:37 CET [2026/01/19 11:25:37 ET]
Table 'Asterope' 6-max Seat #1 is the button
Seat 1: kurekuro (€3.15 in chips) 
Seat 2: pipinoelbreve9 (€6.66 in chips) 
Seat 3: volcanos10 (€3.54 in chips) 
Seat 4: kombei63 (€2.86 in chips) 
Seat 5: javlex3 (€4.85 in chips) 
Seat 6: CondeVnCount (€5.07 in chips) 
pipinoelbreve9: posts small blind €0.02
volcanos10: posts big blind €0.05
*** HOLE CARDS ***
Dealt to pipinoelbreve9 [7d 5d]
kombei63: folds 
javlex3: folds 
CondeVnCount: folds 
kurekuro: folds 
pipinoelbreve9: raises €0.07 to €0.12
volcanos10: calls €0.07
*** FLOP *** [2c Qd Tc]
pipinoelbreve9: bets €0.08
volcanos10: calls €0.08
*** TURN *** [2c Qd Tc] [7h]
pipinoelbreve9: bets €0.13
volcanos10: calls €0.13
*** RIVER *** [2c Qd Tc 7h] [Ts]
pipinoelbreve9: checks 
volcanos10: checks 
*** SHOW DOWN ***
pipinoelbreve9: shows [7d 5d] (two pair, Tens and Sevens)
volcanos10: mucks hand 
pipinoelbreve9 collected €0.63 from pot
*** SUMMARY ***
Total pot €0.66 | Rake €0.03 
Board [2c Qd Tc 7h Ts]
Seat 1: kurekuro (button) folded before Flop (didn't bet)
Seat 2: pipinoelbreve9 (small blind) showed [7d 5d] and won (€0.63) with two pair, Tens and Sevens
Seat 3: volcanos10 (big blind) mucked [Kc Jh]
Seat 4: kombei63 folded before Flop (didn't bet)
Seat 5: javlex3 folded before Flop (didn't bet)
Seat 6: CondeVnCount folded before Flop (didn't bet)



PokerStars Zoom Hand #259377557749:  Hold'em No Limit (€0.02/€0.05) - 2026/01/19 17:26:35 CET [2026/01/19 11:26:35 ET]
Table 'Asterope' 6-max Seat #1 is the button
Seat 1: oizoo86 (€9.06 in chips) 
Seat 2: ABpok77 (€2.49 in chips) 
Seat 3: pompavana (€8.41 in chips) 
Seat 4: pipinoelbreve9 (€6.96 in chips) 
Seat 5: nickmajo (€5.16 in chips) 
Seat 6: kombei63 (€2.93 in chips) 
ABpok77: posts small blind €0.02
pompavana: posts big blind €0.05
*** HOLE CARDS ***
Dealt to pipinoelbreve9 [5h As]
pipinoelbreve9: folds 
nickmajo: raises €0.10 to €0.15
kombei63: folds 
oizoo86: folds 
ABpok77: folds 
pompavana: folds 
Uncalled bet (€0.10) returned to nickmajo
nickmajo collected €0.12 from pot
nickmajo: doesn't show hand 
*** SUMMARY ***
Total pot €0.12 | Rake €0 
Seat 1: oizoo86 (button) folded before Flop (didn't bet)
Seat 2: ABpok77 (small blind) folded before Flop
Seat 3: pompavana (big blind) folded before Flop
Seat 4: pipinoelbreve9 folded before Flop (didn't bet)
Seat 5: nickmajo collected (€0.12)
Seat 6: kombei63 folded before Flop (didn't bet)



PokerStars Zoom Hand #259377558802:  Hold'em No Limit (€0.02/€0.05) - 2026/01/19 17:26:40 CET [2026/01/19 11:26:40 ET]
Table 'Asterope' 6-max Seat #1 is the button
Seat 1: glandeur66 (€2.92 in chips) 
Seat 2: SirButterman (€6.82 in chips) 
Seat 3: Andricap (€5.37 in chips) 
Seat 4: Ivangennaro (€9.06 in chips) 
Seat 5: pipinoelbreve9 (€6.96 in chips) 
Seat 6: volcanos10 (€3.19 in chips) 
SirButterman: posts small blind €0.02
Andricap: posts big blind €0.05
*** HOLE CARDS ***
Dealt to pipinoelbreve9 [7s 7h]
Ivangennaro: folds 
pipinoelbreve9: raises €0.07 to €0.12
volcanos10: folds 
glandeur66: folds 
SirButterman: folds 
Andricap: folds 
Uncalled bet (€0.07) returned to pipinoelbreve9
pipinoelbreve9 collected €0.12 from pot
pipinoelbreve9: doesn't show hand 
*** SUMMARY ***
Total pot €0.12 | Rake €0 
Seat 1: glandeur66 (button) folded before Flop (didn't bet)
Seat 2: SirButterman (small blind) folded before Flop
Seat 3: Andricap (big blind) folded before Flop
Seat 4: Ivangennaro folded before Flop (didn't bet)
Seat 5: pipinoelbreve9 collected (€0.12)
Seat 6: volcanos10 folded before Flop (didn't bet)



PokerStars Zoom Hand #259377563245:  Hold'em No Limit (€0.02/€0.05) - 2026/01/19 17:27:03 CET [2026/01/19 11:27:03 ET]
Table 'Asterope' 6-max Seat #1 is the button
Seat 1: KMLSound (€7.57 in chips) 
Seat 2: VirginLola (€7.55 in chips) 
Seat 3: pipinoelbreve9 (€7.03 in chips) 
Seat 4: NEMOXYX (€5 in chips) 
Seat 5: Ischadia (€13.19 in chips) 
Seat 6: crmLL (€4.04 in chips) 
VirginLola: posts small blind €0.02
pipinoelbreve9: posts big blind €0.05
*** HOLE CARDS ***
Dealt to pipinoelbreve9 [Th 2d]
NEMOXYX: folds 
Ischadia: raises €0.10 to €0.15
crmLL: folds 
KMLSound: folds 
VirginLola: folds 
pipinoelbreve9: folds 
Uncalled bet (€0.10) returned to Ischadia
Ischadia collected €0.12 from pot
Ischadia: doesn't show hand 
*** SUMMARY ***
Total pot €0.12 | Rake €0 
Seat 1: KMLSound (button) folded before Flop (didn't bet)
Seat 2: VirginLola (small blind) folded before Flop
Seat 3: pipinoelbreve9 (big blind) folded before Flop
Seat 4: NEMOXYX folded before Flop (didn't bet)
Seat 5: Ischadia collected (€0.12)
Seat 6: crmLL folded before Flop (didn't bet)



PokerStars Zoom Hand #259377562500:  Hold'em No Limit (€0.02/€0.05) - 2026/01/19 17:26:59 CET [2026/01/19 11:26:59 ET]
Table 'Asterope' 6-max Seat #1 is the button
Seat 1: pipinoelbreve9 (€7.03 in chips) 
Seat 2: rinconsolli (€3.38 in chips) 
Seat 3: 99rtz (€4.10 in chips) 
Seat 4: Nimed (€5.46 in chips) 
Seat 5: Ischadia (€6.82 in chips) 
Seat 6: nickmajo (€6.18 in chips) 
rinconsolli: posts small blind €0.02
99rtz: posts big blind €0.05
*** HOLE CARDS ***
Dealt to pipinoelbreve9 [2c Tc]
Nimed: raises €0.07 to €0.12
Ischadia: folds 
nickmajo: folds 
pipinoelbreve9: folds 
rinconsolli: raises €0.07 to €0.19
99rtz: folds 
Nimed: calls €0.07
*** FLOP *** [Kd Kh Td]
rinconsolli: bets €0.40
Nimed: folds 
Uncalled bet (€0.40) returned to rinconsolli
rinconsolli collected €0.41 from pot
rinconsolli: doesn't show hand 
*** SUMMARY ***
Total pot €0.43 | Rake €0.02 
Board [Kd Kh Td]
Seat 1: pipinoelbreve9 (button) folded before Flop (didn't bet)
Seat 2: rinconsolli (small blind) collected (€0.41)
Seat 3: 99rtz (big blind) folded before Flop
Seat 4: Nimed folded on the Flop
Seat 5: Ischadia folded before Flop (didn't bet)
Seat 6: nickmajo folded before Flop (didn't bet)



PokerStars Zoom Hand #259377564873:  Hold'em No Limit (€0.02/€0.05) - 2026/01/19 17:27:12 CET [2026/01/19 11:27:12 ET]
Table 'Asterope' 6-max Seat #1 is the button
Seat 1: SirButterman (€5 in chips) 
Seat 2: pipinoelbreve9 (€6.98 in chips) 
Seat 3: VirginLola (€7.53 in chips) 
Seat 4: javlex3 (€4.69 in chips) 
Seat 5: kurekuro (€3.20 in chips) 
Seat 6: olijmandrea (€8.02 in chips) 
pipinoelbreve9: posts small blind €0.02
VirginLola: posts big blind €0.05
*** HOLE CARDS ***
Dealt to pipinoelbreve9 [Qc Kh]
javlex3: folds 
kurekuro: folds 
olijmandrea: folds 
SirButterman: raises €0.10 to €0.15
pipinoelbreve9: raises €0.40 to €0.55
VirginLola: folds 
SirButterman: folds 
Uncalled bet (€0.40) returned to pipinoelbreve9
pipinoelbreve9 collected €0.35 from pot
pipinoelbreve9: doesn't show hand 
*** SUMMARY ***
Total pot €0.35 | Rake €0 
Seat 1: SirButterman (button) folded before Flop
Seat 2: pipinoelbreve9 (small blind) collected (€0.35)
Seat 3: VirginLola (big blind) folded before Flop
Seat 4: javlex3 folded before Flop (didn't bet)
Seat 5: kurekuro folded before Flop (didn't bet)
Seat 6: olijmandrea folded before Flop (didn't bet)



PokerStars Zoom Hand #259377569832:  Hold'em No Limit (€0.02/€0.05) - 2026/01/19 17:27:38 CET [2026/01/19 11:27:38 ET]
Table 'Asterope' 6-max Seat #1 is the button
Seat 1: FELIPE439 (€4.82 in chips) 
Seat 2: nickmajo (€5.78 in chips) 
Seat 3: Ivangennaro (€6.31 in chips) 
Seat 4: SirButterman (€6.30 in chips) 
Seat 5: glandeur66 (€3.22 in chips) 
Seat 6: pipinoelbreve9 (€7.18 in chips) 
nickmajo: posts small blind €0.02
Ivangennaro: posts big blind €0.05
*** HOLE CARDS ***
Dealt to pipinoelbreve9 [Td Jd]
SirButterman: folds 
glandeur66: folds 
pipinoelbreve9: raises €0.07 to €0.12
FELIPE439: folds 
nickmajo: folds 
Ivangennaro: folds 
Uncalled bet (€0.07) returned to pipinoelbreve9
pipinoelbreve9 collected €0.12 from pot
pipinoelbreve9: doesn't show hand 
*** SUMMARY ***
Total pot €0.12 | Rake €0 
Seat 1: FELIPE439 (button) folded before Flop (didn't bet)
Seat 2: nickmajo (small blind) folded before Flop
Seat 3: Ivangennaro (big blind) folded before Flop
Seat 4: SirButterman folded before Flop (didn't bet)
Seat 5: glandeur66 folded before Flop (didn't bet)
Seat 6: pipinoelbreve9 collected (€0.12)



PokerStars Zoom Hand #259377574215:  Hold'em No Limit (€0.02/€0.05) - 2026/01/19 17:28:02 CET [2026/01/19 11:28:02 ET]
Table 'Asterope' 6-max Seat #1 is the button
Seat 1: mentalist1479 (€2.60 in chips) 
Seat 2: nickmajo (€6.04 in chips) 
Seat 3: FELIPE439 (€5.08 in chips) 
Seat 4: pipinoelbreve9 (€7.25 in chips) 
Seat 5: Andricap (€5.01 in chips) 
Seat 6: IronMen1976 (€4.93 in chips) 
nickmajo: posts small blind €0.02
FELIPE439: posts big blind €0.05
*** HOLE CARDS ***
Dealt to pipinoelbreve9 [Ts 7h]
pipinoelbreve9: folds 
Andricap: folds 
IronMen1976: folds 
mentalist1479: folds 
nickmajo: raises €0.10 to €0.15
FELIPE439: folds 
Uncalled bet (€0.10) returned to nickmajo
nickmajo collected €0.10 from pot
nickmajo: doesn't show hand 
*** SUMMARY ***
Total pot €0.10 | Rake €0 
Seat 1: mentalist1479 (button) folded before Flop (didn't bet)
Seat 2: nickmajo (small blind) collected (€0.10)
Seat 3: FELIPE439 (big blind) folded before Flop
Seat 4: pipinoelbreve9 folded before Flop (didn't bet)
Seat 5: Andricap folded before Flop (didn't bet)
Seat 6: IronMen1976 folded before Flop (didn't bet)



PokerStars Zoom Hand #259377576270:  Hold'em No Limit (€0.02/€0.05) - 2026/01/19 17:28:13 CET [2026/01/19 11:28:13 ET]
Table 'Asterope' 6-max Seat #1 is the button
Seat 1: pipinoelbreve9 (€7.25 in chips) 
Seat 2: volcanos10 (€3.34 in chips) 
Seat 3: Ivangennaro (€5 in chips) 
Seat 4: pikito86 (€3.31 in chips) 
Seat 5: CondeVnCount (€5.23 in chips) 
Seat 6: crmLL (€3.87 in chips) 
volcanos10: posts small blind €0.02
Ivangennaro: posts big blind €0.05
*** HOLE CARDS ***
Dealt to pipinoelbreve9 [6c 8h]
pikito86: folds 
CondeVnCount: raises €0.10 to €0.15
crmLL: folds 
pipinoelbreve9: folds 
volcanos10: folds 
Ivangennaro: folds 
Uncalled bet (€0.10) returned to CondeVnCount
CondeVnCount collected €0.12 from pot
CondeVnCount: doesn't show hand 
*** SUMMARY ***
Total pot €0.12 | Rake €0 
Seat 1: pipinoelbreve9 (button) folded before Flop (didn't bet)
Seat 2: volcanos10 (small blind) folded before Flop
Seat 3: Ivangennaro (big blind) folded before Flop
Seat 4: pikito86 folded before Flop (didn't bet)
Seat 5: CondeVnCount collected (€0.12)
Seat 6: crmLL folded before Flop (didn't bet)



PokerStars Zoom Hand #259377577685:  Hold'em No Limit (€0.02/€0.05) - 2026/01/19 17:28:20 CET [2026/01/19 11:28:20 ET]
Table 'Asterope' 6-max Seat #1 is the button
Seat 1: KMLSound (€7.52 in chips) 
Seat 2: crmLL (€1.05 in chips) 
Seat 3: kurekuro (€3.18 in chips) 
Seat 4: Ruy Chapéu2 (€4.83 in chips) 
Seat 5: pipinoelbreve9 (€7.25 in chips) 
Seat 6: tientoAl2 (€5.02 in chips) 
crmLL: posts small blind €0.02
kurekuro: posts big blind €0.05
*** HOLE CARDS ***
Dealt to pipinoelbreve9 [Th 4h]
Ruy Chapéu2: folds 
pipinoelbreve9: folds 
tientoAl2: folds 
KMLSound: raises €0.07 to €0.12
crmLL: folds 
kurekuro: folds 
Uncalled bet (€0.07) returned to KMLSound
KMLSound collected €0.12 from pot
KMLSound: doesn't show hand 
*** SUMMARY ***
Total pot €0.12 | Rake €0 
Seat 1: KMLSound (button) collected (€0.12)
Seat 2: crmLL (small blind) folded before Flop
Seat 3: kurekuro (big blind) folded before Flop
Seat 4: Ruy Chapéu2 folded before Flop (didn't bet)
Seat 5: pipinoelbreve9 folded before Flop (didn't bet)
Seat 6: tientoAl2 folded before Flop (didn't bet)



PokerStars Zoom Hand #259377575014:  Hold'em No Limit (€0.02/€0.05) - 2026/01/19 17:28:06 CET [2026/01/19 11:28:06 ET]
Table 'Asterope' 6-max Seat #1 is the button
Seat 1: Tapadino (€4.52 in chips) 
Seat 2: FELIPE439 (€4.91 in chips) 
Seat 3: le pistash (€5 in chips) 
Seat 4: glandeur66 (€3.27 in chips) 
Seat 5: llodio (€9.24 in chips) 
Seat 6: pipinoelbreve9 (€7.25 in chips) 
FELIPE439: posts small blind €0.02
le pistash: posts big blind €0.05
*** HOLE CARDS ***
Dealt to pipinoelbreve9 [Qd 7h]
glandeur66: folds 
llodio: folds 
pipinoelbreve9: folds 
Tapadino: folds 
FELIPE439: raises €0.10 to €0.15
le pistash: calls €0.10
*** FLOP *** [5h 6d Qh]
FELIPE439: checks 
le pistash: bets €0.18
FELIPE439: folds 
Uncalled bet (€0.18) returned to le pistash
le pistash collected €0.28 from pot
le pistash: doesn't show hand 
*** SUMMARY ***
Total pot €0.30 | Rake €0.02 
Board [5h 6d Qh]
Seat 1: Tapadino (button) folded before Flop (didn't bet)
Seat 2: FELIPE439 (small blind) folded on the Flop
Seat 3: le pistash (big blind) collected (€0.28)
Seat 4: glandeur66 folded before Flop (didn't bet)
Seat 5: llodio folded before Flop (didn't bet)
Seat 6: pipinoelbreve9 folded before Flop (didn't bet)



PokerStars Zoom Hand #259377579968:  Hold'em No Limit (€0.02/€0.05) - 2026/01/19 17:28:32 CET [2026/01/19 11:28:32 ET]
Table 'Asterope' 6-max Seat #1 is the button
Seat 1: crmLL (€1.03 in chips) 
Seat 2: Munia14 (€5.05 in chips) 
Seat 3: pipinoelbreve9 (€7.25 in chips) 
Seat 4: olijmandrea (€7.92 in chips) 
Seat 5: scaramouche84 (€2.41 in chips) 
Seat 6: mentalist1479 (€2.62 in chips) 
Munia14: posts small blind €0.02
pipinoelbreve9: posts big blind €0.05
*** HOLE CARDS ***
Dealt to pipinoelbreve9 [8s 9c]
olijmandrea: folds 
scaramouche84: raises €0.10 to €0.15
mentalist1479: folds 
crmLL: folds 
Munia14: raises €0.35 to €0.50
pipinoelbreve9: folds 
scaramouche84: folds 
Uncalled bet (€0.35) returned to Munia14
Munia14 collected €0.35 from pot
Munia14: doesn't show hand 
*** SUMMARY ***
Total pot €0.35 | Rake €0 
Seat 1: crmLL (button) folded before Flop (didn't bet)
Seat 2: Munia14 (small blind) collected (€0.35)
Seat 3: pipinoelbreve9 (big blind) folded before Flop
Seat 4: olijmandrea folded before Flop (didn't bet)
Seat 5: scaramouche84 folded before Flop
Seat 6: mentalist1479 folded before Flop (didn't bet)



PokerStars Zoom Hand #259377584003:  Hold'em No Limit (€0.02/€0.05) - 2026/01/19 17:28:54 CET [2026/01/19 11:28:54 ET]
Table 'Asterope' 6-max Seat #1 is the button
Seat 1: el_heniek (€10.81 in chips) 
Seat 2: pipinoelbreve9 (€7.20 in chips) 
Seat 3: CondeVnCount (€5 in chips) 
Seat 4: scaramouche84 (€2.26 in chips) 
Seat 5: Nimed (€5.69 in chips) 
Seat 6: nickmajo (€5 in chips) 
pipinoelbreve9: posts small blind €0.02
CondeVnCount: posts big blind €0.05
*** HOLE CARDS ***
Dealt to pipinoelbreve9 [4s 2d]
scaramouche84: folds 
Nimed: folds 
nickmajo: folds 
el_heniek: folds 
pipinoelbreve9: folds 
Uncalled bet (€0.03) returned to CondeVnCount
CondeVnCount collected €0.04 from pot
CondeVnCount: doesn't show hand 
*** SUMMARY ***
Total pot €0.04 | Rake €0 
Seat 1: el_heniek (button) folded before Flop (didn't bet)
Seat 2: pipinoelbreve9 (small blind) folded before Flop
Seat 3: CondeVnCount (big blind) collected (€0.04)
Seat 4: scaramouche84 folded before Flop (didn't bet)
Seat 5: Nimed folded before Flop (didn't bet)
Seat 6: nickmajo folded before Flop (didn't bet)



PokerStars Zoom Hand #259377585871:  Hold'em No Limit (€0.02/€0.05) - 2026/01/19 17:29:04 CET [2026/01/19 11:29:04 ET]
Table 'Asterope' 6-max Seat #1 is the button
Seat 1: CondeVnCount (€5.28 in chips) 
Seat 2: DeividBox980 (€6.38 in chips) 
Seat 3: Ivangennaro (€9.04 in chips) 
Seat 4: Tapadino (€4.65 in chips) 
Seat 5: pipinoelbreve9 (€7.18 in chips) 
Seat 6: oizoo86 (€3.93 in chips) 
DeividBox980: posts small blind €0.02
Ivangennaro: posts big blind €0.05
*** HOLE CARDS ***
Dealt to pipinoelbreve9 [Jh 7s]
Tapadino: raises €0.10 to €0.15
pipinoelbreve9: folds 
oizoo86: folds 
CondeVnCount: folds 
DeividBox980: folds 
Ivangennaro: calls €0.10
*** FLOP *** [4h Ac 3d]
Ivangennaro: checks 
Tapadino: bets €0.10
Ivangennaro: folds 
Uncalled bet (€0.10) returned to Tapadino
Tapadino collected €0.30 from pot
Tapadino: doesn't show hand 
*** SUMMARY ***
Total pot €0.32 | Rake €0.02 
Board [4h Ac 3d]
Seat 1: CondeVnCount (button) folded before Flop (didn't bet)
Seat 2: DeividBox980 (small blind) folded before Flop
Seat 3: Ivangennaro (big blind) folded on the Flop
Seat 4: Tapadino collected (€0.30)
Seat 5: pipinoelbreve9 folded before Flop (didn't bet)
Seat 6: oizoo86 folded before Flop (didn't bet)



PokerStars Zoom Hand #259377586600:  Hold'em No Limit (€0.02/€0.05) - 2026/01/19 17:29:08 CET [2026/01/19 11:29:08 ET]
Table 'Asterope' 6-max Seat #1 is the button
Seat 1: nickmajo (€5.89 in chips) 
Seat 2: crmLL (€3.84 in chips) 
Seat 3: oizoo86 (€5.23 in chips) 
Seat 4: lmiranda.pt (€5.43 in chips) 
Seat 5: 99rtz (€4.89 in chips) 
Seat 6: pipinoelbreve9 (€7.18 in chips) 
crmLL: posts small blind €0.02
oizoo86: posts big blind €0.05
*** HOLE CARDS ***
Dealt to pipinoelbreve9 [8c Ac]
lmiranda.pt: raises €0.05 to €0.10
99rtz: folds 
pipinoelbreve9: calls €0.10
nickmajo: folds 
crmLL: folds 
oizoo86: folds 
*** FLOP *** [4d 5h 3s]
lmiranda.pt: checks 
pipinoelbreve9: bets €0.13
lmiranda.pt: folds 
Uncalled bet (€0.13) returned to pipinoelbreve9
pipinoelbreve9 collected €0.26 from pot
pipinoelbreve9: doesn't show hand 
*** SUMMARY ***
Total pot €0.27 | Rake €0.01 
Board [4d 5h 3s]
Seat 1: nickmajo (button) folded before Flop (didn't bet)
Seat 2: crmLL (small blind) folded before Flop
Seat 3: oizoo86 (big blind) folded before Flop
Seat 4: lmiranda.pt folded on the Flop
Seat 5: 99rtz folded before Flop (didn't bet)
Seat 6: pipinoelbreve9 collected (€0.26)



PokerStars Zoom Hand #259377595487:  Hold'em No Limit (€0.02/€0.05) - 2026/01/19 17:29:55 CET [2026/01/19 11:29:55 ET]
Table 'Asterope' 6-max Seat #1 is the button
Seat 1: pipinoelbreve9 (€7.34 in chips) 
Seat 2: KMLSound (€5 in chips) 
Seat 3: DeividBox980 (€6.29 in chips) 
Seat 4: volcanos10 (€3.27 in chips) 
Seat 5: Nimed (€5.59 in chips) 
Seat 6: Rubeen_lm02 (€4.03 in chips) 
KMLSound: posts small blind €0.02
DeividBox980: posts big blind €0.05
*** HOLE CARDS ***
Dealt to pipinoelbreve9 [5s 8c]
volcanos10 is disconnected 
volcanos10 has timed out while disconnected
volcanos10: folds 
Nimed: folds 
Rubeen_lm02: folds 
pipinoelbreve9: folds 
KMLSound: raises €0.08 to €0.13
DeividBox980: folds 
Uncalled bet (€0.08) returned to KMLSound
KMLSound collected €0.10 from pot
KMLSound: doesn't show hand 
*** SUMMARY ***
Total pot €0.10 | Rake €0 
Seat 1: pipinoelbreve9 (button) folded before Flop (didn't bet)
Seat 2: KMLSound (small blind) collected (€0.10)
Seat 3: DeividBox980 (big blind) folded before Flop
Seat 4: volcanos10 folded before Flop (didn't bet)
Seat 5: Nimed folded before Flop (didn't bet)
Seat 6: Rubeen_lm02 folded before Flop (didn't bet)



PokerStars Zoom Hand #259377596748:  Hold'em No Limit (€0.02/€0.05) - 2026/01/19 17:30:01 CET [2026/01/19 11:30:01 ET]
Table 'Asterope' 6-max Seat #1 is the button
Seat 1: Tapadino (€4.87 in chips) 
Seat 2: CondeVnCount (€5.08 in chips) 
Seat 3: tientoAl2 (€5.52 in chips) 
Seat 4: pipinoelbreve9 (€7.34 in chips) 
Seat 5: crmLL (€5.24 in chips) 
Seat 6: Ivangennaro (€6.18 in chips) 
CondeVnCount: posts small blind €0.02
tientoAl2: posts big blind €0.05
*** HOLE CARDS ***
Dealt to pipinoelbreve9 [7s Jc]
pipinoelbreve9: folds 
crmLL: folds 
Ivangennaro: folds 
Tapadino is disconnected 
Tapadino has timed out while disconnected
Tapadino: folds 
CondeVnCount: folds 
Uncalled bet (€0.03) returned to tientoAl2
tientoAl2 collected €0.04 from pot
tientoAl2: doesn't show hand 
*** SUMMARY ***
Total pot €0.04 | Rake €0 
Seat 1: Tapadino (button) folded before Flop (didn't bet)
Seat 2: CondeVnCount (small blind) folded before Flop
Seat 3: tientoAl2 (big blind) collected (€0.04)
Seat 4: pipinoelbreve9 folded before Flop (didn't bet)
Seat 5: crmLL folded before Flop (didn't bet)
Seat 6: Ivangennaro folded before Flop (didn't bet)



PokerStars Zoom Hand #259377597507:  Hold'em No Limit (€0.02/€0.05) - 2026/01/19 17:30:05 CET [2026/01/19 11:30:05 ET]
Table 'Asterope' 6-max Seat #1 is the button
Seat 1: crmLL (€5.24 in chips) 
Seat 2: CondeVnCount (€5 in chips) 
Seat 3: le pistash (€5.16 in chips) 
Seat 4: pipinoelbreve9 (€7.34 in chips) 
Seat 5: Ivangennaro (€6.18 in chips) 
Seat 6: FELIPE439 (€4.61 in chips) 
CondeVnCount: posts small blind €0.02
le pistash: posts big blind €0.05
*** HOLE CARDS ***
Dealt to pipinoelbreve9 [Tc 8h]
pipinoelbreve9: folds 
Ivangennaro: folds 
FELIPE439: folds 
crmLL: folds 
CondeVnCount: raises €0.45 to €0.50
le pistash: folds 
Uncalled bet (€0.45) returned to CondeVnCount
CondeVnCount collected €0.10 from pot
CondeVnCount: doesn't show hand 
*** SUMMARY ***
Total pot €0.10 | Rake €0 
Seat 1: crmLL (button) folded before Flop (didn't bet)
Seat 2: CondeVnCount (small blind) collected (€0.10)
Seat 3: le pistash (big blind) folded before Flop
Seat 4: pipinoelbreve9 folded before Flop (didn't bet)
Seat 5: Ivangennaro folded before Flop (didn't bet)
Seat 6: FELIPE439 folded before Flop (didn't bet)



PokerStars Zoom Hand #259377598178:  Hold'em No Limit (€0.02/€0.05) - 2026/01/19 17:30:08 CET [2026/01/19 11:30:08 ET]
Table 'Asterope' 6-max Seat #1 is the button
Seat 1: Nimed (€6.42 in chips) 
Seat 2: maxapelamos (€5.72 in chips) 
Seat 3: pipinoelbreve9 (€7.34 in chips) 
Seat 4: NEMOXYX (€5.73 in chips) 
Seat 5: SirButterman (€7.41 in chips) 
Seat 6: 99rtz (€4.79 in chips) 
maxapelamos: posts small blind €0.02
pipinoelbreve9: posts big blind €0.05
*** HOLE CARDS ***
Dealt to pipinoelbreve9 [2d 7c]
NEMOXYX: folds 
SirButterman: raises €0.10 to €0.15
99rtz: folds 
Nimed: folds 
maxapelamos: folds 
pipinoelbreve9: folds 
Uncalled bet (€0.10) returned to SirButterman
SirButterman collected €0.12 from pot
SirButterman: doesn't show hand 
*** SUMMARY ***
Total pot €0.12 | Rake €0 
Seat 1: Nimed (button) folded before Flop (didn't bet)
Seat 2: maxapelamos (small blind) folded before Flop
Seat 3: pipinoelbreve9 (big blind) folded before Flop
Seat 4: NEMOXYX folded before Flop (didn't bet)
Seat 5: SirButterman collected (€0.12)
Seat 6: 99rtz folded before Flop (didn't bet)



PokerStars Zoom Hand #259377600199:  Hold'em No Limit (€0.02/€0.05) - 2026/01/19 17:30:19 CET [2026/01/19 11:30:19 ET]
Table 'Asterope' 6-max Seat #1 is the button
Seat 1: maxapelamos (€5.70 in chips) 
Seat 2: pipinoelbreve9 (€7.29 in chips) 
Seat 3: crmLL (€6.09 in chips) 
Seat 4: nickmajo (€5 in chips) 
Seat 5: olijmandrea (€8.16 in chips) 
Seat 6: KMLSound (€5.05 in chips) 
pipinoelbreve9: posts small blind €0.02
crmLL: posts big blind €0.05
*** HOLE CARDS ***
Dealt to pipinoelbreve9 [Th 6h]
nickmajo: folds 
olijmandrea: folds 
KMLSound: folds 
maxapelamos: folds 
pipinoelbreve9: raises €0.07 to €0.12
crmLL: folds 
Uncalled bet (€0.07) returned to pipinoelbreve9
pipinoelbreve9 collected €0.10 from pot
pipinoelbreve9: doesn't show hand 
*** SUMMARY ***
Total pot €0.10 | Rake €0 
Seat 1: maxapelamos (button) folded before Flop (didn't bet)
Seat 2: pipinoelbreve9 (small blind) collected (€0.10)
Seat 3: crmLL (big blind) folded before Flop
Seat 4: nickmajo folded before Flop (didn't bet)
Seat 5: olijmandrea folded before Flop (didn't bet)
Seat 6: KMLSound folded before Flop (didn't bet)



PokerStars Zoom Hand #259377603264:  Hold'em No Limit (€0.02/€0.05) - 2026/01/19 17:30:35 CET [2026/01/19 11:30:35 ET]
Table 'Asterope' 6-max Seat #1 is the button
Seat 1: KMLSound (€7.46 in chips) 
Seat 2: oizoo86 (€4.96 in chips) 
Seat 3: VirginLola (€6.78 in chips) 
Seat 4: el_heniek (€10.74 in chips) 
Seat 5: Ischadia (€11.55 in chips) 
Seat 6: pipinoelbreve9 (€7.34 in chips) 
oizoo86: posts small blind €0.02
VirginLola: posts big blind €0.05
*** HOLE CARDS ***
Dealt to pipinoelbreve9 [2c Qc]
el_heniek: folds 
Ischadia: raises €0.10 to €0.15
pipinoelbreve9: folds 
KMLSound: folds 
oizoo86: folds 
VirginLola: folds 
Uncalled bet (€0.10) returned to Ischadia
Ischadia collected €0.12 from pot
Ischadia: doesn't show hand 
*** SUMMARY ***
Total pot €0.12 | Rake €0 
Seat 1: KMLSound (button) folded before Flop (didn't bet)
Seat 2: oizoo86 (small blind) folded before Flop
Seat 3: VirginLola (big blind) folded before Flop
Seat 4: el_heniek folded before Flop (didn't bet)
Seat 5: Ischadia collected (€0.12)
Seat 6: pipinoelbreve9 folded before Flop (didn't bet)



PokerStars Zoom Hand #259377604565:  Hold'em No Limit (€0.02/€0.05) - 2026/01/19 17:30:42 CET [2026/01/19 11:30:42 ET]
Table 'Asterope' 6-max Seat #1 is the button
Seat 1: pipinoelbreve9 (€7.34 in chips) 
Seat 2: osrafa2005 (€4.85 in chips) 
Seat 3: maxapelamos (€5.67 in chips) 
Seat 4: Ivangennaro (€8.69 in chips) 
Seat 5: DeividBox980 (€6.22 in chips) 
Seat 6: Nuklear91 (€2.78 in chips) 
osrafa2005: posts small blind €0.02
maxapelamos: posts big blind €0.05
*** HOLE CARDS ***
Dealt to pipinoelbreve9 [5c 7d]
Ivangennaro: folds 
DeividBox980: folds 
Nuklear91: calls €0.05
pipinoelbreve9: folds 
osrafa2005: raises €4.80 to €4.85 and is all-in
maxapelamos: folds 
Nuklear91: folds 
Uncalled bet (€4.80) returned to osrafa2005
osrafa2005 collected €0.15 from pot
osrafa2005: doesn't show hand 
*** SUMMARY ***
Total pot €0.15 | Rake €0 
Seat 1: pipinoelbreve9 (button) folded before Flop (didn't bet)
Seat 2: osrafa2005 (small blind) collected (€0.15)
Seat 3: maxapelamos (big blind) folded before Flop
Seat 4: Ivangennaro folded before Flop (didn't bet)
Seat 5: DeividBox980 folded before Flop (didn't bet)
Seat 6: Nuklear91 folded before Flop



PokerStars Zoom Hand #259377605349:  Hold'em No Limit (€0.02/€0.05) - 2026/01/19 17:30:46 CET [2026/01/19 11:30:46 ET]
Table 'Asterope' 6-max Seat #1 is the button
Seat 1: marry24 (€5.56 in chips) 
Seat 2: NEMOXYX (€5.75 in chips) 
Seat 3: oizoo86 (€3.61 in chips) 
Seat 4: CondeVnCount (€5 in chips) 
Seat 5: pipinoelbreve9 (€7.34 in chips) 
Seat 6: kraken638 (€2 in chips) 
NEMOXYX: posts small blind €0.02
oizoo86: posts big blind €0.05
*** HOLE CARDS ***
Dealt to pipinoelbreve9 [5s Jh]
CondeVnCount: folds 
pipinoelbreve9: folds 
kraken638: raises €0.05 to €0.10
marry24: folds 
NEMOXYX: folds 
oizoo86: folds 
Uncalled bet (€0.05) returned to kraken638
kraken638 collected €0.12 from pot
kraken638: doesn't show hand 
*** SUMMARY ***
Total pot €0.12 | Rake €0 
Seat 1: marry24 (button) folded before Flop (didn't bet)
Seat 2: NEMOXYX (small blind) folded before Flop
Seat 3: oizoo86 (big blind) folded before Flop
Seat 4: CondeVnCount folded before Flop (didn't bet)
Seat 5: pipinoelbreve9 folded before Flop (didn't bet)
Seat 6: kraken638 collected (€0.12)



PokerStars Zoom Hand #259377606392:  Hold'em No Limit (€0.02/€0.05) - 2026/01/19 17:30:51 CET [2026/01/19 11:30:51 ET]
Table 'Asterope' 6-max Seat #1 is the button
Seat 1: Ivangennaro (€5.29 in chips) 
Seat 2: Nastqecs (€4.09 in chips) 
Seat 3: pipinoelbreve9 (€7.34 in chips) 
Seat 4: Valterpes100 (€6.59 in chips) 
Seat 5: CondeVnCount (€5 in chips) 
Seat 6: oizoo86 (€3.93 in chips) 
Nastqecs: posts small blind €0.02
pipinoelbreve9: posts big blind €0.05
*** HOLE CARDS ***
Dealt to pipinoelbreve9 [Jd 5d]
Valterpes100: folds 
CondeVnCount: folds 
oizoo86: folds 
Ivangennaro: folds 
Nastqecs: raises €0.05 to €0.10
pipinoelbreve9: calls €0.05
*** FLOP *** [5c 9c 6c]
Nastqecs: bets €0.10
pipinoelbreve9: calls €0.10
*** TURN *** [5c 9c 6c] [8c]
Nastqecs: bets €0.15
pipinoelbreve9: folds 
Uncalled bet (€0.15) returned to Nastqecs
Nastqecs collected €0.38 from pot
Nastqecs: doesn't show hand 
*** SUMMARY ***
Total pot €0.40 | Rake €0.02 
Board [5c 9c 6c 8c]
Seat 1: Ivangennaro (button) folded before Flop (didn't bet)
Seat 2: Nastqecs (small blind) collected (€0.38)
Seat 3: pipinoelbreve9 (big blind) folded on the Turn
Seat 4: Valterpes100 folded before Flop (didn't bet)
Seat 5: CondeVnCount folded before Flop (didn't bet)
Seat 6: oizoo86 folded before Flop (didn't bet)



PokerStars Zoom Hand #259377616976:  Hold'em No Limit (€0.02/€0.05) - 2026/01/19 17:31:46 CET [2026/01/19 11:31:46 ET]
Table 'Asterope' 6-max Seat #1 is the button
Seat 1: pipinoelbreve9 (€7.12 in chips) 
Seat 2: DeividBox980 (€6.35 in chips) 
Seat 3: oizoo86 (€4.89 in chips) 
Seat 4: pompavana (€10.15 in chips) 
Seat 5: Ivangennaro (€5.19 in chips) 
Seat 6: crmLL (€1.37 in chips) 
DeividBox980: posts small blind €0.02
oizoo86: posts big blind €0.05
*** HOLE CARDS ***
Dealt to pipinoelbreve9 [Ts 3h]
pompavana: folds 
Ivangennaro: folds 
crmLL: folds 
pipinoelbreve9: folds 
DeividBox980: raises €0.05 to €0.10
oizoo86: folds 
Uncalled bet (€0.05) returned to DeividBox980
DeividBox980 collected €0.10 from pot
DeividBox980: doesn't show hand 
*** SUMMARY ***
Total pot €0.10 | Rake €0 
Seat 1: pipinoelbreve9 (button) folded before Flop (didn't bet)
Seat 2: DeividBox980 (small blind) collected (€0.10)
Seat 3: oizoo86 (big blind) folded before Flop
Seat 4: pompavana folded before Flop (didn't bet)
Seat 5: Ivangennaro folded before Flop (didn't bet)
Seat 6: crmLL folded before Flop (didn't bet)



PokerStars Zoom Hand #259377614845:  Hold'em No Limit (€0.02/€0.05) - 2026/01/19 17:31:35 CET [2026/01/19 11:31:35 ET]
Table 'Asterope' 6-max Seat #1 is the button
Seat 1: SirButterman (€7.63 in chips) 
Seat 2: pipinoelbreve9 (€7.14 in chips) 
Seat 3: IronMen1976 (€4.95 in chips) 
Seat 4: Nastqecs (€4.27 in chips) 
Seat 5: CondeVnCount (€5.05 in chips) 
Seat 6: oizoo86 (€3.54 in chips) 
pipinoelbreve9: posts small blind €0.02
IronMen1976: posts big blind €0.05
*** HOLE CARDS ***
Dealt to pipinoelbreve9 [3s Tc]
Nastqecs: raises €0.05 to €0.10
CondeVnCount: folds 
oizoo86: folds 
SirButterman: raises €0.52 to €0.62
pipinoelbreve9: folds 
IronMen1976: folds 
Nastqecs: calls €0.52
*** FLOP *** [Kc Td 6c]
Nastqecs: checks 
SirButterman: bets €0.93
Nastqecs: folds 
Uncalled bet (€0.93) returned to SirButterman
SirButterman collected €1.24 from pot
SirButterman: doesn't show hand 
*** SUMMARY ***
Total pot €1.31 | Rake €0.07 
Board [Kc Td 6c]
Seat 1: SirButterman (button) collected (€1.24)
Seat 2: pipinoelbreve9 (small blind) folded before Flop
Seat 3: IronMen1976 (big blind) folded before Flop
Seat 4: Nastqecs folded on the Flop
Seat 5: CondeVnCount folded before Flop (didn't bet)
Seat 6: oizoo86 folded before Flop (didn't bet)



PokerStars Zoom Hand #259377618142:  Hold'em No Limit (€0.02/€0.05) - 2026/01/19 17:31:52 CET [2026/01/19 11:31:52 ET]
Table 'Asterope' 6-max Seat #1 is the button
Seat 1: pompavana (€10.15 in chips) 
Seat 2: NEMOXYX (€6.67 in chips) 
Seat 3: oizoo86 (€3.54 in chips) 
Seat 4: pipinoelbreve9 (€7.12 in chips) 
Seat 5: Nimed (€5.40 in chips) 
Seat 6: richh74 (€3.93 in chips) 
NEMOXYX: posts small blind €0.02
oizoo86: posts big blind €0.05
*** HOLE CARDS ***
Dealt to pipinoelbreve9 [3h 3d]
pipinoelbreve9: raises €0.07 to €0.12
Nimed: folds 
richh74: folds 
pompavana: folds 
NEMOXYX: folds 
oizoo86: folds 
Uncalled bet (€0.07) returned to pipinoelbreve9
pipinoelbreve9 collected €0.12 from pot
pipinoelbreve9: doesn't show hand 
*** SUMMARY ***
Total pot €0.12 | Rake €0 
Seat 1: pompavana (button) folded before Flop (didn't bet)
Seat 2: NEMOXYX (small blind) folded before Flop
Seat 3: oizoo86 (big blind) folded before Flop
Seat 4: pipinoelbreve9 collected (€0.12)
Seat 5: Nimed folded before Flop (didn't bet)
Seat 6: richh74 folded before Flop (didn't bet)



PokerStars Zoom Hand #259377616015:  Hold'em No Limit (€0.02/€0.05) - 2026/01/19 17:31:41 CET [2026/01/19 11:31:41 ET]
Table 'Asterope' 6-max Seat #1 is the button
Seat 1: ManuyPablo (€2.55 in chips) 
Seat 2: CondeVnCount (€5.05 in chips) 
Seat 3: kurekuro (€4.08 in chips) 
Seat 4: mentalist1479 (€2.39 in chips) 
Seat 5: pipinoelbreve9 (€7.12 in chips) 
Seat 6: IronMen1976 (€4.90 in chips) 
CondeVnCount: posts small blind €0.02
kurekuro: posts big blind €0.05
*** HOLE CARDS ***
Dealt to pipinoelbreve9 [Js 7h]
mentalist1479: folds 
pipinoelbreve9: folds 
IronMen1976: folds 
ManuyPablo: raises €0.10 to €0.15
CondeVnCount: calls €0.13
kurekuro: folds 
*** FLOP *** [8d 2s 9h]
CondeVnCount: checks 
ManuyPablo: checks 
*** TURN *** [8d 2s 9h] [7c]
CondeVnCount: checks 
ManuyPablo: checks 
*** RIVER *** [8d 2s 9h 7c] [Qh]
CondeVnCount: checks 
ManuyPablo: bets €0.33
CondeVnCount: calls €0.33
*** SHOW DOWN ***
ManuyPablo: shows [5d 4d] (high card Queen)
CondeVnCount: shows [Ac Qd] (a pair of Queens)
CondeVnCount collected €0.96 from pot
*** SUMMARY ***
Total pot €1.01 | Rake €0.05 
Board [8d 2s 9h 7c Qh]
Seat 1: ManuyPablo (button) showed [5d 4d] and lost with high card Queen
Seat 2: CondeVnCount (small blind) showed [Ac Qd] and won (€0.96) with a pair of Queens
Seat 3: kurekuro (big blind) folded before Flop
Seat 4: mentalist1479 folded before Flop (didn't bet)
Seat 5: pipinoelbreve9 folded before Flop (didn't bet)
Seat 6: IronMen1976 folded before Flop (didn't bet)



PokerStars Zoom Hand #259377622705:  Hold'em No Limit (€0.02/€0.05) - 2026/01/19 17:32:16 CET [2026/01/19 11:32:16 ET]
Table 'Asterope' 6-max Seat #1 is the button
Seat 1: glandeur66 (€2.54 in chips) 
Seat 2: SirButterman (€8.20 in chips) 
Seat 3: pipinoelbreve9 (€7.19 in chips) 
Seat 4: VirginLola (€6.51 in chips) 
Seat 5: KMLSound (€5.40 in chips) 
Seat 6: CondeVnCount (€5.12 in chips) 
SirButterman: posts small blind €0.02
pipinoelbreve9: posts big blind €0.05
*** HOLE CARDS ***
Dealt to pipinoelbreve9 [6h 6s]
VirginLola: folds 
KMLSound: folds 
CondeVnCount: folds 
glandeur66: raises €0.05 to €0.10
SirButterman: folds 
pipinoelbreve9: calls €0.05
*** FLOP *** [9d 5s 4c]
pipinoelbreve9: checks 
glandeur66: bets €0.11
pipinoelbreve9: calls €0.11
*** TURN *** [9d 5s 4c] [9s]
pipinoelbreve9: checks 
glandeur66: bets €0.21
pipinoelbreve9: calls €0.21
*** RIVER *** [9d 5s 4c 9s] [7c]
pipinoelbreve9: checks 
glandeur66: checks 
*** SHOW DOWN ***
pipinoelbreve9: shows [6h 6s] (two pair, Nines and Sixes)
glandeur66: mucks hand 
pipinoelbreve9 collected €0.82 from pot
*** SUMMARY ***
Total pot €0.86 | Rake €0.04 
Board [9d 5s 4c 9s 7c]
Seat 1: glandeur66 (button) mucked [Kd 4d]
Seat 2: SirButterman (small blind) folded before Flop
Seat 3: pipinoelbreve9 (big blind) showed [6h 6s] and won (€0.82) with two pair, Nines and Sixes
Seat 4: VirginLola folded before Flop (didn't bet)
Seat 5: KMLSound folded before Flop (didn't bet)
Seat 6: CondeVnCount folded before Flop (didn't bet)



PokerStars Zoom Hand #259377634244:  Hold'em No Limit (€0.02/€0.05) - 2026/01/19 17:33:17 CET [2026/01/19 11:33:17 ET]
Table 'Asterope' 6-max Seat #1 is the button
Seat 1: crmLL (€5.13 in chips) 
Seat 2: pipinoelbreve9 (€7.59 in chips) 
Seat 3: Ivangennaro (€7.86 in chips) 
Seat 4: glandeur66 (€2.12 in chips) 
Seat 5: FELIPE439 (€4.17 in chips) 
Seat 6: Valterpes100 (€4.67 in chips) 
pipinoelbreve9: posts small blind €0.02
Ivangennaro: posts big blind €0.05
*** HOLE CARDS ***
Dealt to pipinoelbreve9 [3h Ts]
glandeur66: folds 
FELIPE439: folds 
Valterpes100: folds 
crmLL: folds 
pipinoelbreve9: folds 
Uncalled bet (€0.03) returned to Ivangennaro
Ivangennaro collected €0.04 from pot
Ivangennaro: doesn't show hand 
*** SUMMARY ***
Total pot €0.04 | Rake €0 
Seat 1: crmLL (button) folded before Flop (didn't bet)
Seat 2: pipinoelbreve9 (small blind) folded before Flop
Seat 3: Ivangennaro (big blind) collected (€0.04)
Seat 4: glandeur66 folded before Flop (didn't bet)
Seat 5: FELIPE439 folded before Flop (didn't bet)
Seat 6: Valterpes100 folded before Flop (didn't bet)



PokerStars Zoom Hand #259377635198:  Hold'em No Limit (€0.02/€0.05) - 2026/01/19 17:33:23 CET [2026/01/19 11:33:23 ET]
Table 'Asterope' 6-max Seat #1 is the button
Seat 1: mentalist1479 (€1.57 in chips) 
Seat 2: CondeVnCount (€5.28 in chips) 
Seat 3: crmLL (€4.07 in chips) 
Seat 4: nickmajo (€5.96 in chips) 
Seat 5: oizoo86 (€4.75 in chips) 
Seat 6: pipinoelbreve9 (€7.57 in chips) 
CondeVnCount: posts small blind €0.02
crmLL: posts big blind €0.05
*** HOLE CARDS ***
Dealt to pipinoelbreve9 [5c 8d]
nickmajo: folds 
oizoo86: folds 
pipinoelbreve9: folds 
mentalist1479: calls €0.05
CondeVnCount: folds 
crmLL: checks 
*** FLOP *** [Jh 6s Jd]
crmLL: checks 
mentalist1479: bets €0.15
crmLL: folds 
Uncalled bet (€0.15) returned to mentalist1479
mentalist1479 collected €0.11 from pot
mentalist1479: doesn't show hand 
*** SUMMARY ***
Total pot €0.12 | Rake €0.01 
Board [Jh 6s Jd]
Seat 1: mentalist1479 (button) collected (€0.11)
Seat 2: CondeVnCount (small blind) folded before Flop
Seat 3: crmLL (big blind) folded on the Flop
Seat 4: nickmajo folded before Flop (didn't bet)
Seat 5: oizoo86 folded before Flop (didn't bet)
Seat 6: pipinoelbreve9 folded before Flop (didn't bet)



PokerStars Zoom Hand #259377637072:  Hold'em No Limit (€0.02/€0.05) - 2026/01/19 17:33:33 CET [2026/01/19 11:33:33 ET]
Table 'Asterope' 6-max Seat #1 is the button
Seat 1: olijmandrea (€7.80 in chips) 
Seat 2: lusque (€5.52 in chips) 
Seat 3: oizoo86 (€7.50 in chips) 
Seat 4: Valterpes100 (€4.69 in chips) 
Seat 5: kurekuro (€3.66 in chips) 
Seat 6: pipinoelbreve9 (€7.57 in chips) 
lusque: posts small blind €0.02
oizoo86: posts big blind €0.05
*** HOLE CARDS ***
Dealt to pipinoelbreve9 [5d 8d]
Valterpes100: folds 
kurekuro: folds 
pipinoelbreve9: folds 
olijmandrea: folds 
lusque: folds 
Uncalled bet (€0.03) returned to oizoo86
oizoo86 collected €0.04 from pot
oizoo86: doesn't show hand 
*** SUMMARY ***
Total pot €0.04 | Rake €0 
Seat 1: olijmandrea (button) folded before Flop (didn't bet)
Seat 2: lusque (small blind) folded before Flop
Seat 3: oizoo86 (big blind) collected (€0.04)
Seat 4: Valterpes100 folded before Flop (didn't bet)
Seat 5: kurekuro folded before Flop (didn't bet)
Seat 6: pipinoelbreve9 folded before Flop (didn't bet)



PokerStars Zoom Hand #259377636259:  Hold'em No Limit (€0.02/€0.05) - 2026/01/19 17:33:28 CET [2026/01/19 11:33:28 ET]
Table 'Asterope' 6-max Seat #1 is the button
Seat 1: poyoxery (€2.49 in chips) 
Seat 2: CondeVnCount (€5.43 in chips) 
Seat 3: oizoo86 (€4.75 in chips) 
Seat 4: Andricap (€5.39 in chips) 
Seat 5: pipinoelbreve9 (€7.57 in chips) 
Seat 6: falcão44 (€2.94 in chips) 
CondeVnCount: posts small blind €0.02
oizoo86: posts big blind €0.05
*** HOLE CARDS ***
Dealt to pipinoelbreve9 [5d 8c]
Andricap: folds 
pipinoelbreve9: folds 
falcão44: folds 
poyoxery: raises €0.05 to €0.10
CondeVnCount: folds 
oizoo86: raises €0.05 to €0.15
poyoxery: calls €0.05
*** FLOP *** [Kc 8s 9c]
oizoo86: bets €0.05
poyoxery: calls €0.05
*** TURN *** [Kc 8s 9c] [4s]
oizoo86: checks 
poyoxery: bets €0.15
oizoo86: folds 
Uncalled bet (€0.15) returned to poyoxery
poyoxery collected €0.40 from pot
poyoxery: doesn't show hand 
*** SUMMARY ***
Total pot €0.42 | Rake €0.02 
Board [Kc 8s 9c 4s]
Seat 1: poyoxery (button) collected (€0.40)
Seat 2: CondeVnCount (small blind) folded before Flop
Seat 3: oizoo86 (big blind) folded on the Turn
Seat 4: Andricap folded before Flop (didn't bet)
Seat 5: pipinoelbreve9 folded before Flop (didn't bet)
Seat 6: falcão44 folded before Flop (didn't bet)



PokerStars Zoom Hand #259377638071:  Hold'em No Limit (€0.02/€0.05) - 2026/01/19 17:33:38 CET [2026/01/19 11:33:38 ET]
Table 'Asterope' 6-max Seat #1 is the button
Seat 1: pipinoelbreve9 (€7.57 in chips) 
Seat 2: crmLL (€5.13 in chips) 
Seat 3: Nimed (€6.18 in chips) 
Seat 4: FELIPE439 (€5.31 in chips) 
Seat 5: Ivangennaro (€7.88 in chips) 
Seat 6: Valterpes100 (€4.69 in chips) 
crmLL: posts small blind €0.02
Nimed: posts big blind €0.05
*** HOLE CARDS ***
Dealt to pipinoelbreve9 [Js 7s]
FELIPE439: raises €0.10 to €0.15
Ivangennaro: folds 
Valterpes100: folds 
pipinoelbreve9: folds 
crmLL: folds 
Nimed: calls €0.10
*** FLOP *** [Qh Ad 5d]
Nimed: checks 
FELIPE439: bets €0.20
Nimed: folds 
Uncalled bet (€0.20) returned to FELIPE439
FELIPE439 collected €0.30 from pot
FELIPE439: doesn't show hand 
*** SUMMARY ***
Total pot €0.32 | Rake €0.02 
Board [Qh Ad 5d]
Seat 1: pipinoelbreve9 (button) folded before Flop (didn't bet)
Seat 2: crmLL (small blind) folded before Flop
Seat 3: Nimed (big blind) folded on the Flop
Seat 4: FELIPE439 collected (€0.30)
Seat 5: Ivangennaro folded before Flop (didn't bet)
Seat 6: Valterpes100 folded before Flop (didn't bet)



PokerStars Zoom Hand #259377641683:  Hold'em No Limit (€0.02/€0.05) - 2026/01/19 17:33:56 CET [2026/01/19 11:33:56 ET]
Table 'Asterope' 6-max Seat #1 is the button
Seat 1: NEMOXYX (€5.64 in chips) 
Seat 2: Ivangennaro (€5 in chips) 
Seat 3: romii2112 (€4.65 in chips) 
Seat 4: pipinoelbreve9 (€7.57 in chips) 
Seat 5: olijmandrea (€7.82 in chips) 
Seat 6: kurekuro (€3.59 in chips) 
Ivangennaro: posts small blind €0.02
romii2112: posts big blind €0.05
*** HOLE CARDS ***
Dealt to pipinoelbreve9 [3c 7d]
pipinoelbreve9: folds 
olijmandrea: folds 
kurekuro: folds 
NEMOXYX: raises €0.07 to €0.12
Ivangennaro: folds 
romii2112: folds 
Uncalled bet (€0.07) returned to NEMOXYX
NEMOXYX collected €0.12 from pot
NEMOXYX: doesn't show hand 
*** SUMMARY ***
Total pot €0.12 | Rake €0 
Seat 1: NEMOXYX (button) collected (€0.12)
Seat 2: Ivangennaro (small blind) folded before Flop
Seat 3: romii2112 (big blind) folded before Flop
Seat 4: pipinoelbreve9 folded before Flop (didn't bet)
Seat 5: olijmandrea folded before Flop (didn't bet)
Seat 6: kurekuro folded before Flop (didn't bet)



PokerStars Zoom Hand #259377642629:  Hold'em No Limit (€0.02/€0.05) - 2026/01/19 17:34:01 CET [2026/01/19 11:34:01 ET]
Table 'Asterope' 6-max Seat #1 is the button
Seat 1: KMLSound (€5.56 in chips) 
Seat 2: pipinoelbreve9 (€7.57 in chips) 
Seat 3: Patxoca (€3.18 in chips) 
Seat 4: Ivangennaro (€7.86 in chips) 
Seat 5: ivantilt1982 (€4.17 in chips) 
Seat 6: CondeVnCount (€5.28 in chips) 
pipinoelbreve9: posts small blind €0.02
Patxoca: posts big blind €0.05
*** HOLE CARDS ***
Dealt to pipinoelbreve9 [6s Kc]
Ivangennaro: folds 
ivantilt1982: folds 
CondeVnCount: folds 
KMLSound: folds 
pipinoelbreve9: raises €0.07 to €0.12
Patxoca: folds 
Uncalled bet (€0.07) returned to pipinoelbreve9
pipinoelbreve9 collected €0.10 from pot
pipinoelbreve9: doesn't show hand 
*** SUMMARY ***
Total pot €0.10 | Rake €0 
Seat 1: KMLSound (button) folded before Flop (didn't bet)
Seat 2: pipinoelbreve9 (small blind) collected (€0.10)
Seat 3: Patxoca (big blind) folded before Flop
Seat 4: Ivangennaro folded before Flop (didn't bet)
Seat 5: ivantilt1982 folded before Flop (didn't bet)
Seat 6: CondeVnCount folded before Flop (didn't bet)



PokerStars Zoom Hand #259377650491:  Hold'em No Limit (€0.02/€0.05) - 2026/01/19 17:34:42 CET [2026/01/19 11:34:42 ET]
Table 'Asterope' 6-max Seat #1 is the button
Seat 1: nickmajo (€5.50 in chips) 
Seat 2: cobra131165 (€6.35 in chips) 
Seat 3: lmiranda.pt (€5.56 in chips) 
Seat 4: SirButterman (€8.46 in chips) 
Seat 5: pipinoelbreve9 (€7.57 in chips) 
Seat 6: le pistash (€5.05 in chips) 
cobra131165: posts small blind €0.02
lmiranda.pt: posts big blind €0.05
*** HOLE CARDS ***
Dealt to pipinoelbreve9 [8s Td]
SirButterman: folds 
pipinoelbreve9: folds 
le pistash: folds 
nickmajo: raises €0.07 to €0.12
cobra131165: folds 
lmiranda.pt: folds 
Uncalled bet (€0.07) returned to nickmajo
nickmajo collected €0.12 from pot
nickmajo: doesn't show hand 
*** SUMMARY ***
Total pot €0.12 | Rake €0 
Seat 1: nickmajo (button) collected (€0.12)
Seat 2: cobra131165 (small blind) folded before Flop
Seat 3: lmiranda.pt (big blind) folded before Flop
Seat 4: SirButterman folded before Flop (didn't bet)
Seat 5: pipinoelbreve9 folded before Flop (didn't bet)
Seat 6: le pistash folded before Flop (didn't bet)



PokerStars Zoom Hand #259377654737:  Hold'em No Limit (€0.02/€0.05) - 2026/01/19 17:35:05 CET [2026/01/19 11:35:05 ET]
Table 'Asterope' 6-max Seat #1 is the button
Seat 1: marry24 (€5 in chips) 
Seat 2: ManuyPablo (€6.44 in chips) 
Seat 3: Ivangennaro (€7.37 in chips) 
Seat 4: pipinoelbreve9 (€7.57 in chips) 
Seat 5: nickmajo (€5 in chips) 
Seat 6: Patxoca (€3.11 in chips) 
ManuyPablo: posts small blind €0.02
Ivangennaro: posts big blind €0.05
*** HOLE CARDS ***
Dealt to pipinoelbreve9 [4c 8h]
pipinoelbreve9: folds 
nickmajo: raises €0.10 to €0.15
Patxoca: folds 
marry24: folds 
ManuyPablo: folds 
Ivangennaro: folds 
Uncalled bet (€0.10) returned to nickmajo
nickmajo collected €0.12 from pot
nickmajo: doesn't show hand 
*** SUMMARY ***
Total pot €0.12 | Rake €0 
Seat 1: marry24 (button) folded before Flop (didn't bet)
Seat 2: ManuyPablo (small blind) folded before Flop
Seat 3: Ivangennaro (big blind) folded before Flop
Seat 4: pipinoelbreve9 folded before Flop (didn't bet)
Seat 5: nickmajo collected (€0.12)
Seat 6: Patxoca folded before Flop (didn't bet)



PokerStars Zoom Hand #259377656296:  Hold'em No Limit (€0.02/€0.05) - 2026/01/19 17:35:13 CET [2026/01/19 11:35:13 ET]
Table 'Asterope' 6-max Seat #1 is the button
Seat 1: pipinoelbreve9 (€7.57 in chips) 
Seat 2: Nimed (€5.63 in chips) 
Seat 3: Andricap (€6.28 in chips) 
Seat 4: glandeur66 (€1.62 in chips) 
Seat 5: lmiranda.pt (€5.51 in chips) 
Seat 6: rinconsolli (€1.38 in chips) 
Nimed: posts small blind €0.02
Andricap: posts big blind €0.05
*** HOLE CARDS ***
Dealt to pipinoelbreve9 [2h 8c]
glandeur66: raises €0.10 to €0.15
lmiranda.pt: folds 
rinconsolli: folds 
pipinoelbreve9: folds 
Nimed: folds 
Andricap: folds 
Uncalled bet (€0.10) returned to glandeur66
glandeur66 collected €0.12 from pot
glandeur66: doesn't show hand 
*** SUMMARY ***
Total pot €0.12 | Rake €0 
Seat 1: pipinoelbreve9 (button) folded before Flop (didn't bet)
Seat 2: Nimed (small blind) folded before Flop
Seat 3: Andricap (big blind) folded before Flop
Seat 4: glandeur66 collected (€0.12)
Seat 5: lmiranda.pt folded before Flop (didn't bet)
Seat 6: rinconsolli folded before Flop (didn't bet)



PokerStars Zoom Hand #259377652083:  Hold'em No Limit (€0.02/€0.05) - 2026/01/19 17:34:51 CET [2026/01/19 11:34:51 ET]
Table 'Asterope' 6-max Seat #1 is the button
Seat 1: oizoo86 (€4.08 in chips) 
Seat 2: falcão44 (€1.50 in chips) 
Seat 3: scaramouche84 (€2.84 in chips) 
Seat 4: crmLL (€4.21 in chips) 
Seat 5: ManuyPablo (€6.44 in chips) 
Seat 6: pipinoelbreve9 (€7.57 in chips) 
falcão44: posts small blind €0.02
scaramouche84: posts big blind €0.05
*** HOLE CARDS ***
Dealt to pipinoelbreve9 [5s Ac]
crmLL: folds 
ManuyPablo: folds 
pipinoelbreve9: folds 
oizoo86: calls €0.05
falcão44: folds 
scaramouche84: checks 
*** FLOP *** [8s 3s 4s]
scaramouche84: checks 
oizoo86: bets €0.05
scaramouche84: calls €0.05
*** TURN *** [8s 3s 4s] [Qd]
scaramouche84: checks 
oizoo86: bets €0.10
scaramouche84: calls €0.10
*** RIVER *** [8s 3s 4s Qd] [6c]
scaramouche84: checks 
oizoo86: checks 
*** SHOW DOWN ***
scaramouche84: shows [8h 4d] (two pair, Eights and Fours)
oizoo86: mucks hand 
scaramouche84 collected €0.40 from pot
*** SUMMARY ***
Total pot €0.42 | Rake €0.02 
Board [8s 3s 4s Qd 6c]
Seat 1: oizoo86 (button) mucked [As 3h]
Seat 2: falcão44 (small blind) folded before Flop
Seat 3: scaramouche84 (big blind) showed [8h 4d] and won (€0.40) with two pair, Eights and Fours
Seat 4: crmLL folded before Flop (didn't bet)
Seat 5: ManuyPablo folded before Flop (didn't bet)
Seat 6: pipinoelbreve9 folded before Flop (didn't bet)



PokerStars Zoom Hand #259377647465:  Hold'em No Limit (€0.02/€0.05) - 2026/01/19 17:34:27 CET [2026/01/19 11:34:27 ET]
Table 'Asterope' 6-max Seat #1 is the button
Seat 1: romii2112 (€4.58 in chips) 
Seat 2: NEMOXYX (€6.88 in chips) 
Seat 3: pipinoelbreve9 (€7.62 in chips) 
Seat 4: Ruy Chapéu2 (€5.24 in chips) 
Seat 5: lmiranda.pt (€5.56 in chips) 
Seat 6: oizoo86 (€4.08 in chips) 
NEMOXYX: posts small blind €0.02
pipinoelbreve9: posts big blind €0.05
*** HOLE CARDS ***
Dealt to pipinoelbreve9 [7h 3s]
Ruy Chapéu2: raises €0.07 to €0.12
lmiranda.pt: folds 
oizoo86: folds 
romii2112: calls €0.12
NEMOXYX: folds 
pipinoelbreve9: folds 
*** FLOP *** [Jd 5h Ts]
Ruy Chapéu2: checks 
romii2112: bets €0.15
Ruy Chapéu2: folds 
Uncalled bet (€0.15) returned to romii2112
romii2112 collected €0.29 from pot
romii2112: doesn't show hand 
*** SUMMARY ***
Total pot €0.31 | Rake €0.02 
Board [Jd 5h Ts]
Seat 1: romii2112 (button) collected (€0.29)
Seat 2: NEMOXYX (small blind) folded before Flop
Seat 3: pipinoelbreve9 (big blind) folded before Flop
Seat 4: Ruy Chapéu2 folded on the Flop
Seat 5: lmiranda.pt folded before Flop (didn't bet)
Seat 6: oizoo86 folded before Flop (didn't bet)



PokerStars Zoom Hand #259377657449:  Hold'em No Limit (€0.02/€0.05) - 2026/01/19 17:35:19 CET [2026/01/19 11:35:19 ET]
Table 'Asterope' 6-max Seat #1 is the button
Seat 1: richh74 (€3.53 in chips) 
Seat 2: mentalist1479 (€1.89 in chips) 
Seat 3: pipinoelbreve9 (€7.57 in chips) 
Seat 4: Ivangennaro (€5 in chips) 
Seat 5: rinconsolli (€1.38 in chips) 
Seat 6: SirButterman (€7.34 in chips) 
mentalist1479: posts small blind €0.02
pipinoelbreve9: posts big blind €0.05
*** HOLE CARDS ***
Dealt to pipinoelbreve9 [Tc 4c]
Ivangennaro: folds 
rinconsolli: raises €0.05 to €0.10
SirButterman: folds 
richh74: calls €0.10
mentalist1479: calls €0.08
pipinoelbreve9: calls €0.05
*** FLOP *** [5d Kd Qd]
mentalist1479: checks 
pipinoelbreve9: checks 
rinconsolli: bets €0.20
richh74: folds 
mentalist1479: folds 
pipinoelbreve9: folds 
Uncalled bet (€0.20) returned to rinconsolli
rinconsolli collected €0.38 from pot
rinconsolli: doesn't show hand 
*** SUMMARY ***
Total pot €0.40 | Rake €0.02 
Board [5d Kd Qd]
Seat 1: richh74 (button) folded on the Flop
Seat 2: mentalist1479 (small blind) folded on the Flop
Seat 3: pipinoelbreve9 (big blind) folded on the Flop
Seat 4: Ivangennaro folded before Flop (didn't bet)
Seat 5: rinconsolli collected (€0.38)
Seat 6: SirButterman folded before Flop (didn't bet)



PokerStars Zoom Hand #259377663074:  Hold'em No Limit (€0.02/€0.05) - 2026/01/19 17:35:48 CET [2026/01/19 11:35:48 ET]
Table 'Asterope' 6-max Seat #1 is the button
Seat 1: eljesus996 (€14.68 in chips) 
Seat 2: marry24 (€5 in chips) 
Seat 3: Ivangennaro (€7.30 in chips) 
Seat 4: 99rtz (€4.13 in chips) 
Seat 5: pipinoelbreve9 (€7.47 in chips) 
Seat 6: poyoxery (€2.27 in chips) 
marry24: posts small blind €0.02
Ivangennaro: posts big blind €0.05
*** HOLE CARDS ***
Dealt to pipinoelbreve9 [Jd Th]
99rtz: folds 
pipinoelbreve9: folds 
poyoxery: folds 
eljesus996: raises €0.05 to €0.10
marry24: folds 
Ivangennaro: raises €0.55 to €0.65
eljesus996: folds 
Uncalled bet (€0.55) returned to Ivangennaro
Ivangennaro collected €0.22 from pot
Ivangennaro: doesn't show hand 
*** SUMMARY ***
Total pot €0.22 | Rake €0 
Seat 1: eljesus996 (button) folded before Flop
Seat 2: marry24 (small blind) folded before Flop
Seat 3: Ivangennaro (big blind) collected (€0.22)
Seat 4: 99rtz folded before Flop (didn't bet)
Seat 5: pipinoelbreve9 folded before Flop (didn't bet)
Seat 6: poyoxery folded before Flop (didn't bet)



PokerStars Zoom Hand #259377665261:  Hold'em No Limit (€0.02/€0.05) - 2026/01/19 17:35:59 CET [2026/01/19 11:35:59 ET]
Table 'Asterope' 6-max Seat #1 is the button
Seat 1: SirButterman (€5.54 in chips) 
Seat 2: Ivangennaro (€5.02 in chips) 
Seat 3: pompavana (€5.13 in chips) 
Seat 4: pipinoelbreve9 (€7.47 in chips) 
Seat 5: Nimed (€14.05 in chips) 
Seat 6: nickmajo (€5 in chips) 
Ivangennaro: posts small blind €0.02
pompavana: posts big blind €0.05
*** HOLE CARDS ***
Dealt to pipinoelbreve9 [Tc 7s]
pipinoelbreve9: folds 
Nimed: folds 
nickmajo: folds 
SirButterman: folds 
Ivangennaro: folds 
Uncalled bet (€0.03) returned to pompavana
pompavana collected €0.04 from pot
pompavana: doesn't show hand 
*** SUMMARY ***
Total pot €0.04 | Rake €0 
Seat 1: SirButterman (button) folded before Flop (didn't bet)
Seat 2: Ivangennaro (small blind) folded before Flop
Seat 3: pompavana (big blind) collected (€0.04)
Seat 4: pipinoelbreve9 folded before Flop (didn't bet)
Seat 5: Nimed folded before Flop (didn't bet)
Seat 6: nickmajo folded before Flop (didn't bet)



PokerStars Zoom Hand #259377666166:  Hold'em No Limit (€0.02/€0.05) - 2026/01/19 17:36:04 CET [2026/01/19 11:36:04 ET]
Table 'Asterope' 6-max Seat #1 is the button
Seat 1: NEMOXYX (€6.81 in chips) 
Seat 2: pipinoelbreve9 (€7.47 in chips) 
Seat 3: marry24 (€5 in chips) 
Seat 4: nickmajo (€5 in chips) 
Seat 5: kraken638 (€3.51 in chips) 
Seat 6: glandeur66 (€1.76 in chips) 
pipinoelbreve9: posts small blind €0.02
marry24: posts big blind €0.05
*** HOLE CARDS ***
Dealt to pipinoelbreve9 [7c 3c]
nickmajo: folds 
kraken638: folds 
glandeur66: folds 
NEMOXYX: folds 
pipinoelbreve9: raises €0.07 to €0.12
marry24: raises €0.24 to €0.36
pipinoelbreve9: folds 
Uncalled bet (€0.24) returned to marry24
marry24 collected €0.24 from pot
marry24: doesn't show hand 
*** SUMMARY ***
Total pot €0.24 | Rake €0 
Seat 1: NEMOXYX (button) folded before Flop (didn't bet)
Seat 2: pipinoelbreve9 (small blind) folded before Flop
Seat 3: marry24 (big blind) collected (€0.24)
Seat 4: nickmajo folded before Flop (didn't bet)
Seat 5: kraken638 folded before Flop (didn't bet)
Seat 6: glandeur66 folded before Flop (didn't bet)



PokerStars Zoom Hand #259377671421:  Hold'em No Limit (€0.02/€0.05) - 2026/01/19 17:36:31 CET [2026/01/19 11:36:31 ET]
Table 'Asterope' 6-max Seat #1 is the button
Seat 1: pipinoelbreve9 (€7.35 in chips) 
Seat 2: ManuyPablo (€2.19 in chips) 
Seat 3: kurekuro (€4.16 in chips) 
Seat 4: Nimed (€6.13 in chips) 
Seat 5: Andricap (€8.64 in chips) 
Seat 6: romii2112 (€5.09 in chips) 
ManuyPablo: posts small blind €0.02
kurekuro: posts big blind €0.05
*** HOLE CARDS ***
Dealt to pipinoelbreve9 [4s Ah]
Nimed: raises €0.07 to €0.12
Andricap: folds 
romii2112: folds 
pipinoelbreve9: folds 
ManuyPablo: folds 
kurekuro: calls €0.07
*** FLOP *** [2h 6s 3h]
kurekuro: bets €0.05
Nimed: calls €0.05
*** TURN *** [2h 6s 3h] [4d]
kurekuro: bets €0.10
Nimed: calls €0.10
*** RIVER *** [2h 6s 3h 4d] [4h]
kurekuro: bets €0.15
Nimed: folds 
Uncalled bet (€0.15) returned to kurekuro
kurekuro collected €0.53 from pot
kurekuro: doesn't show hand 
*** SUMMARY ***
Total pot €0.56 | Rake €0.03 
Board [2h 6s 3h 4d 4h]
Seat 1: pipinoelbreve9 (button) folded before Flop (didn't bet)
Seat 2: ManuyPablo (small blind) folded before Flop
Seat 3: kurekuro (big blind) collected (€0.53)
Seat 4: Nimed folded on the River
Seat 5: Andricap folded before Flop (didn't bet)
Seat 6: romii2112 folded before Flop (didn't bet)



PokerStars Zoom Hand #259377673991:  Hold'em No Limit (€0.02/€0.05) - 2026/01/19 17:36:44 CET [2026/01/19 11:36:44 ET]
Table 'Asterope' 6-max Seat #1 is the button
Seat 1: glandeur66 (€1.87 in chips) 
Seat 2: NEMOXYX (€6.81 in chips) 
Seat 3: Valterpes100 (€3.75 in chips) 
Seat 4: crmLL (€3.78 in chips) 
Seat 5: pompavana (€5.13 in chips) 
Seat 6: pipinoelbreve9 (€7.35 in chips) 
NEMOXYX: posts small blind €0.02
Valterpes100: posts big blind €0.05
*** HOLE CARDS ***
Dealt to pipinoelbreve9 [Ah Ks]
crmLL: folds 
pompavana: folds 
pipinoelbreve9: raises €0.07 to €0.12
glandeur66: folds 
NEMOXYX: folds 
Valterpes100: calls €0.07
*** FLOP *** [Kc 7s 6c]
Valterpes100: checks 
pipinoelbreve9: bets €0.08
Valterpes100: calls €0.08
*** TURN *** [Kc 7s 6c] [4h]
Valterpes100: checks 
pipinoelbreve9: bets €0.26
Valterpes100: calls €0.26
*** RIVER *** [Kc 7s 6c 4h] [Js]
Valterpes100: checks 
pipinoelbreve9: bets €0.59
Valterpes100: folds 
Uncalled bet (€0.59) returned to pipinoelbreve9
pipinoelbreve9 collected €0.89 from pot
pipinoelbreve9: doesn't show hand 
*** SUMMARY ***
Total pot €0.94 | Rake €0.05 
Board [Kc 7s 6c 4h Js]
Seat 1: glandeur66 (button) folded before Flop (didn't bet)
Seat 2: NEMOXYX (small blind) folded before Flop
Seat 3: Valterpes100 (big blind) folded on the River
Seat 4: crmLL folded before Flop (didn't bet)
Seat 5: pompavana folded before Flop (didn't bet)
Seat 6: pipinoelbreve9 collected (€0.89)



PokerStars Zoom Hand #259377673204:  Hold'em No Limit (€0.02/€0.05) - 2026/01/19 17:36:40 CET [2026/01/19 11:36:40 ET]
Table 'Asterope' 6-max Seat #1 is the button
Seat 1: crmLL (€3.78 in chips) 
Seat 2: Ischadia (€11.65 in chips) 
Seat 3: olijmandrea (€9.18 in chips) 
Seat 4: pipinoelbreve9 (€7.35 in chips) 
Seat 5: glandeur66 (€1.87 in chips) 
Seat 6: lusque (€5.58 in chips) 
Ischadia: posts small blind €0.02
olijmandrea: posts big blind €0.05
*** HOLE CARDS ***
Dealt to pipinoelbreve9 [7d 9c]
pipinoelbreve9: folds 
glandeur66: folds 
lusque: raises €0.05 to €0.10
crmLL: folds 
Ischadia: calls €0.08
olijmandrea: calls €0.05
*** FLOP *** [Jh Ts 6c]
Ischadia: checks 
olijmandrea: checks 
lusque: bets €0.09
Ischadia: calls €0.09
olijmandrea: folds 
*** TURN *** [Jh Ts 6c] [2c]
Ischadia: checks 
lusque: bets €0.23
Ischadia: calls €0.23
*** RIVER *** [Jh Ts 6c 2c] [7s]
Ischadia: checks 
lusque: checks 
*** SHOW DOWN ***
Ischadia: shows [9d Kc] (high card King)
lusque: shows [Qc Jc] (a pair of Jacks)
lusque collected €0.89 from pot
*** SUMMARY ***
Total pot €0.94 | Rake €0.05 
Board [Jh Ts 6c 2c 7s]
Seat 1: crmLL (button) folded before Flop (didn't bet)
Seat 2: Ischadia (small blind) showed [9d Kc] and lost with high card King
Seat 3: olijmandrea (big blind) folded on the Flop
Seat 4: pipinoelbreve9 folded before Flop (didn't bet)
Seat 5: glandeur66 folded before Flop (didn't bet)
Seat 6: lusque showed [Qc Jc] and won (€0.89) with a pair of Jacks



PokerStars Zoom Hand #259377684749:  Hold'em No Limit (€0.02/€0.05) - 2026/01/19 17:37:39 CET [2026/01/19 11:37:39 ET]
Table 'Asterope' 6-max Seat #1 is the button
Seat 1: nickmajo (€5 in chips) 
Seat 2: pipinoelbreve9 (€7.78 in chips) 
Seat 3: kombei63 (€2.98 in chips) 
Seat 4: VirginLola (€6.91 in chips) 
Seat 5: ferrilon (€9.31 in chips) 
Seat 6: Nuklear91 (€2.18 in chips) 
pipinoelbreve9: posts small blind €0.02
kombei63: posts big blind €0.05
*** HOLE CARDS ***
Dealt to pipinoelbreve9 [3h 3d]
VirginLola: folds 
ferrilon: folds 
Nuklear91: calls €0.05
nickmajo: raises €0.29 to €0.34
pipinoelbreve9: calls €0.32
kombei63: folds 
Nuklear91: folds 
*** FLOP *** [8c 5s Td]
pipinoelbreve9: checks 
nickmajo: bets €0.37
pipinoelbreve9: folds 
Uncalled bet (€0.37) returned to nickmajo
nickmajo collected €0.74 from pot
nickmajo: doesn't show hand 
*** SUMMARY ***
Total pot €0.78 | Rake €0.04 
Board [8c 5s Td]
Seat 1: nickmajo (button) collected (€0.74)
Seat 2: pipinoelbreve9 (small blind) folded on the Flop
Seat 3: kombei63 (big blind) folded before Flop
Seat 4: VirginLola folded before Flop (didn't bet)
Seat 5: ferrilon folded before Flop (didn't bet)
Seat 6: Nuklear91 folded before Flop



PokerStars Zoom Hand #259377696415:  Hold'em No Limit (€0.02/€0.05) - 2026/01/19 17:38:40 CET [2026/01/19 11:38:40 ET]
Table 'Asterope' 6-max Seat #1 is the button
Seat 1: kombei63 (€3.26 in chips) 
Seat 2: FELIPE439 (€4.62 in chips) 
Seat 3: pipinoelbreve9 (€7.44 in chips) 
Seat 4: oizoo86 (€3.47 in chips) 
Seat 5: ManuyPablo (€1.54 in chips) 
Seat 6: DeividBox980 (€6.58 in chips) 
FELIPE439: posts small blind €0.02
pipinoelbreve9: posts big blind €0.05
*** HOLE CARDS ***
Dealt to pipinoelbreve9 [Qc 6d]
oizoo86: folds 
ManuyPablo: folds 
DeividBox980: folds 
kombei63: folds 
FELIPE439: folds 
Uncalled bet (€0.03) returned to pipinoelbreve9
pipinoelbreve9 collected €0.04 from pot
pipinoelbreve9: doesn't show hand 
*** SUMMARY ***
Total pot €0.04 | Rake €0 
Seat 1: kombei63 (button) folded before Flop (didn't bet)
Seat 2: FELIPE439 (small blind) folded before Flop
Seat 3: pipinoelbreve9 (big blind) collected (€0.04)
Seat 4: oizoo86 folded before Flop (didn't bet)
Seat 5: ManuyPablo folded before Flop (didn't bet)
Seat 6: DeividBox980 folded before Flop (didn't bet)



PokerStars Zoom Hand #259377700151:  Hold'em No Limit (€0.02/€0.05) - 2026/01/19 17:38:59 CET [2026/01/19 11:38:59 ET]
Table 'Asterope' 6-max Seat #1 is the button
Seat 1: scaramouche84 (€3.13 in chips) 
Seat 2: Nastqecs (€7.14 in chips) 
Seat 3: danimm3442 (€2.18 in chips) 
Seat 4: crmLL (€5.11 in chips) 
Seat 5: pipinoelbreve9 (€7.46 in chips) 
Seat 6: Ivangennaro (€7.77 in chips) 
Nastqecs: posts small blind €0.02
danimm3442: posts big blind €0.05
*** HOLE CARDS ***
Dealt to pipinoelbreve9 [Qc Ts]
crmLL: folds 
pipinoelbreve9: folds 
Ivangennaro: folds 
scaramouche84: folds 
Nastqecs: folds 
Uncalled bet (€0.03) returned to danimm3442
danimm3442 collected €0.04 from pot
danimm3442: doesn't show hand 
*** SUMMARY ***
Total pot €0.04 | Rake €0 
Seat 1: scaramouche84 (button) folded before Flop (didn't bet)
Seat 2: Nastqecs (small blind) folded before Flop
Seat 3: danimm3442 (big blind) collected (€0.04)
Seat 4: crmLL folded before Flop (didn't bet)
Seat 5: pipinoelbreve9 folded before Flop (didn't bet)
Seat 6: Ivangennaro folded before Flop (didn't bet)



PokerStars Zoom Hand #259377701447:  Hold'em No Limit (€0.02/€0.05) - 2026/01/19 17:39:05 CET [2026/01/19 11:39:05 ET]
Table 'Asterope' 6-max Seat #1 is the button
Seat 1: Ruy Chapéu2 (€4.10 in chips) 
Seat 2: kombei63 (€5.50 in chips) 
Seat 3: Ivangennaro (€11.43 in chips) 
Seat 4: kurekuro (€4.56 in chips) 
Seat 5: pipinoelbreve9 (€7.46 in chips) 
Seat 6: Nimed (€6.16 in chips) 
kombei63: posts small blind €0.02
Ivangennaro: posts big blind €0.05
*** HOLE CARDS ***
Dealt to pipinoelbreve9 [9h Ah]
kurekuro: folds 
pipinoelbreve9: raises €0.07 to €0.12
Nimed: folds 
Ruy Chapéu2: raises €0.28 to €0.40
kombei63: folds 
Ivangennaro: folds 
pipinoelbreve9: calls €0.28
*** FLOP *** [5d As 7h]
pipinoelbreve9: checks 
Ruy Chapéu2: bets €0.27
pipinoelbreve9: calls €0.27
*** TURN *** [5d As 7h] [Tc]
pipinoelbreve9: checks 
Ruy Chapéu2: checks 
*** RIVER *** [5d As 7h Tc] [Ac]
pipinoelbreve9: checks 
Ruy Chapéu2: bets €0.44
pipinoelbreve9: calls €0.44
*** SHOW DOWN ***
Ruy Chapéu2: shows [Kh Jd] (a pair of Aces)
pipinoelbreve9: shows [9h Ah] (three of a kind, Aces)
pipinoelbreve9 collected €2.18 from pot
*** SUMMARY ***
Total pot €2.29 | Rake €0.11 
Board [5d As 7h Tc Ac]
Seat 1: Ruy Chapéu2 (button) showed [Kh Jd] and lost with a pair of Aces
Seat 2: kombei63 (small blind) folded before Flop
Seat 3: Ivangennaro (big blind) folded before Flop
Seat 4: kurekuro folded before Flop (didn't bet)
Seat 5: pipinoelbreve9 showed [9h Ah] and won (€2.18) with three of a kind, Aces
Seat 6: Nimed folded before Flop (didn't bet)



PokerStars Zoom Hand #259377719270:  Hold'em No Limit (€0.02/€0.05) - 2026/01/19 17:40:36 CET [2026/01/19 11:40:36 ET]
Table 'Asterope' 6-max Seat #1 is the button
Seat 1: pipinoelbreve9 (€8.53 in chips) 
Seat 2: CHOIN8581 (€4.86 in chips) 
Seat 3: nickmajo (€5.07 in chips) 
Seat 4: oizoo86 (€3.57 in chips) 
Seat 5: NEMOXYX (€7.84 in chips) 
Seat 6: ManuyPablo (€1.49 in chips) 
CHOIN8581: posts small blind €0.02
nickmajo: posts big blind €0.05
*** HOLE CARDS ***
Dealt to pipinoelbreve9 [5c Qh]
oizoo86 has timed out
oizoo86: folds 
NEMOXYX: folds 
ManuyPablo: folds 
pipinoelbreve9: folds 
CHOIN8581: folds 
Uncalled bet (€0.03) returned to nickmajo
nickmajo collected €0.04 from pot
nickmajo: doesn't show hand 
*** SUMMARY ***
Total pot €0.04 | Rake €0 
Seat 1: pipinoelbreve9 (button) folded before Flop (didn't bet)
Seat 2: CHOIN8581 (small blind) folded before Flop
Seat 3: nickmajo (big blind) collected (€0.04)
Seat 4: oizoo86 folded before Flop (didn't bet)
Seat 5: NEMOXYX folded before Flop (didn't bet)
Seat 6: ManuyPablo folded before Flop (didn't bet)



PokerStars Zoom Hand #259377718200:  Hold'em No Limit (€0.02/€0.05) - 2026/01/19 17:40:31 CET [2026/01/19 11:40:31 ET]
Table 'Asterope' 6-max Seat #1 is the button
Seat 1: DeividBox980 (€6.58 in chips) 
Seat 2: Munia14 (€5.45 in chips) 
Seat 3: Ruy Chapéu2 (€5 in chips) 
Seat 4: olijmandrea (€10.86 in chips) 
Seat 5: CHOIN8581 (€4.86 in chips) 
Seat 6: pipinoelbreve9 (€8.53 in chips) 
Munia14: posts small blind €0.02
Ruy Chapéu2: posts big blind €0.05
*** HOLE CARDS ***
Dealt to pipinoelbreve9 [9s Jc]
olijmandrea: raises €0.05 to €0.10
CHOIN8581: folds 
pipinoelbreve9: folds 
DeividBox980: folds 
Munia14: folds 
Ruy Chapéu2: calls €0.05
*** FLOP *** [7h Qs Ah]
Ruy Chapéu2: checks 
olijmandrea: bets €0.11
Ruy Chapéu2: folds 
Uncalled bet (€0.11) returned to olijmandrea
olijmandrea collected €0.21 from pot
olijmandrea: doesn't show hand 
*** SUMMARY ***
Total pot €0.22 | Rake €0.01 
Board [7h Qs Ah]
Seat 1: DeividBox980 (button) folded before Flop (didn't bet)
Seat 2: Munia14 (small blind) folded before Flop
Seat 3: Ruy Chapéu2 (big blind) folded on the Flop
Seat 4: olijmandrea collected (€0.21)
Seat 5: CHOIN8581 folded before Flop (didn't bet)
Seat 6: pipinoelbreve9 folded before Flop (didn't bet)



PokerStars Zoom Hand #259377722853:  Hold'em No Limit (€0.02/€0.05) - 2026/01/19 17:40:55 CET [2026/01/19 11:40:55 ET]
Table 'Asterope' 6-max Seat #1 is the button
Seat 1: Darkmiau (€5 in chips) 
Seat 2: iurii machushak (€4.03 in chips) 
Seat 3: pipinoelbreve9 (€8.53 in chips) 
Seat 4: Ischadia (€10.84 in chips) 
Seat 5: ManuyPablo (€1.44 in chips) 
Seat 6: tientoAl2 (€5 in chips) 
iurii machushak: posts small blind €0.02
pipinoelbreve9: posts big blind €0.05
*** HOLE CARDS ***
Dealt to pipinoelbreve9 [7c 4h]
Ischadia: folds 
ManuyPablo: folds 
tientoAl2: folds 
Darkmiau: folds 
iurii machushak: folds 
Uncalled bet (€0.03) returned to pipinoelbreve9
pipinoelbreve9 collected €0.04 from pot
pipinoelbreve9: doesn't show hand 
*** SUMMARY ***
Total pot €0.04 | Rake €0 
Seat 1: Darkmiau (button) folded before Flop (didn't bet)
Seat 2: iurii machushak (small blind) folded before Flop
Seat 3: pipinoelbreve9 (big blind) collected (€0.04)
Seat 4: Ischadia folded before Flop (didn't bet)
Seat 5: ManuyPablo folded before Flop (didn't bet)
Seat 6: tientoAl2 folded before Flop (didn't bet)



PokerStars Zoom Hand #259377725758:  Hold'em No Limit (€0.02/€0.05) - 2026/01/19 17:41:10 CET [2026/01/19 11:41:10 ET]
Table 'Asterope' 6-max Seat #1 is the button
Seat 1: pirilampo68 (€4.23 in chips) 
Seat 2: pipinoelbreve9 (€8.55 in chips) 
Seat 3: 99rtz (€4.58 in chips) 
Seat 4: Ivangennaro (€7.55 in chips) 
Seat 5: oizoo86 (€3.59 in chips) 
Seat 6: FELIPE439 (€5.34 in chips) 
pipinoelbreve9: posts small blind €0.02
99rtz: posts big blind €0.05
*** HOLE CARDS ***
Dealt to pipinoelbreve9 [6h 4d]
Ivangennaro: folds 
oizoo86 has timed out
oizoo86: folds 
FELIPE439: folds 
pirilampo68: folds 
pipinoelbreve9: folds 
Uncalled bet (€0.03) returned to 99rtz
99rtz collected €0.04 from pot
99rtz: doesn't show hand 
*** SUMMARY ***
Total pot €0.04 | Rake €0 
Seat 1: pirilampo68 (button) folded before Flop (didn't bet)
Seat 2: pipinoelbreve9 (small blind) folded before Flop
Seat 3: 99rtz (big blind) collected (€0.04)
Seat 4: Ivangennaro folded before Flop (didn't bet)
Seat 5: oizoo86 folded before Flop (didn't bet)
Seat 6: FELIPE439 folded before Flop (didn't bet)



PokerStars Zoom Hand #259377720731:  Hold'em No Limit (€0.02/€0.05) - 2026/01/19 17:40:44 CET [2026/01/19 11:40:44 ET]
Table 'Asterope' 6-max Seat #1 is the button
Seat 1: FELIPE439 (€7.62 in chips) 
Seat 2: glandeur66 (€3.06 in chips) 
Seat 3: mentalist1479 (€1.72 in chips) 
Seat 4: pipinoelbreve9 (€8.53 in chips) 
Seat 5: CondeVnCount (€5.36 in chips) 
Seat 6: crmLL (€5.03 in chips) 
glandeur66: posts small blind €0.02
mentalist1479: posts big blind €0.05
*** HOLE CARDS ***
Dealt to pipinoelbreve9 [2h Ks]
pipinoelbreve9: folds 
CondeVnCount: raises €0.10 to €0.15
crmLL: folds 
FELIPE439: calls €0.15
glandeur66: folds 
mentalist1479: calls €0.10
*** FLOP *** [7d 5d 8s]
mentalist1479: checks 
CondeVnCount: checks 
FELIPE439: checks 
*** TURN *** [7d 5d 8s] [4h]
mentalist1479: checks 
CondeVnCount: checks 
FELIPE439: checks 
*** RIVER *** [7d 5d 8s 4h] [7h]
mentalist1479: bets €0.15
CondeVnCount: folds 
FELIPE439: folds 
Uncalled bet (€0.15) returned to mentalist1479
mentalist1479 collected €0.45 from pot
mentalist1479: doesn't show hand 
*** SUMMARY ***
Total pot €0.47 | Rake €0.02 
Board [7d 5d 8s 4h 7h]
Seat 1: FELIPE439 (button) folded on the River
Seat 2: glandeur66 (small blind) folded before Flop
Seat 3: mentalist1479 (big blind) collected (€0.45)
Seat 4: pipinoelbreve9 folded before Flop (didn't bet)
Seat 5: CondeVnCount folded on the River
Seat 6: crmLL folded before Flop (didn't bet)



PokerStars Zoom Hand #259377727220:  Hold'em No Limit (€0.02/€0.05) - 2026/01/19 17:41:17 CET [2026/01/19 11:41:17 ET]
Table 'Asterope' 6-max Seat #1 is the button
Seat 1: Ivangennaro (€7.53 in chips) 
Seat 2: kombei63 (€4.53 in chips) 
Seat 3: glandeur66 (€2.97 in chips) 
Seat 4: pompavana (€5.34 in chips) 
Seat 5: pipinoelbreve9 (€8.53 in chips) 
Seat 6: Red Skywalk (€4.59 in chips) 
kombei63: posts small blind €0.02
glandeur66: posts big blind €0.05
*** HOLE CARDS ***
Dealt to pipinoelbreve9 [3s Qh]
pompavana: folds 
pipinoelbreve9: folds 
Red Skywalk: folds 
Ivangennaro: folds 
kombei63: folds 
Uncalled bet (€0.03) returned to glandeur66
glandeur66 collected €0.04 from pot
glandeur66: doesn't show hand 
*** SUMMARY ***
Total pot €0.04 | Rake €0 
Seat 1: Ivangennaro (button) folded before Flop (didn't bet)
Seat 2: kombei63 (small blind) folded before Flop
Seat 3: glandeur66 (big blind) collected (€0.04)
Seat 4: pompavana folded before Flop (didn't bet)
Seat 5: pipinoelbreve9 folded before Flop (didn't bet)
Seat 6: Red Skywalk folded before Flop (didn't bet)



PokerStars Zoom Hand #259377729786:  Hold'em No Limit (€0.02/€0.05) - 2026/01/19 17:41:30 CET [2026/01/19 11:41:30 ET]
Table 'Asterope' 6-max Seat #1 is the button
Seat 1: pipinoelbreve9 (€8.53 in chips) 
Seat 2: gimeno7 (€1.87 in chips) 
Seat 3: Agonista (€2 in chips) 
Seat 4: davinci1962 (€5 in chips) 
Seat 5: FELIPE439 (€5.34 in chips) 
Seat 6: kombei63 (€5.44 in chips) 
gimeno7: posts small blind €0.02
Agonista: posts big blind €0.05
*** HOLE CARDS ***
Dealt to pipinoelbreve9 [4s 7d]
davinci1962: folds 
FELIPE439: folds 
kombei63: folds 
pipinoelbreve9: folds 
gimeno7: folds 
Uncalled bet (€0.03) returned to Agonista
Agonista collected €0.04 from pot
Agonista: doesn't show hand 
*** SUMMARY ***
Total pot €0.04 | Rake €0 
Seat 1: pipinoelbreve9 (button) folded before Flop (didn't bet)
Seat 2: gimeno7 (small blind) folded before Flop
Seat 3: Agonista (big blind) collected (€0.04)
Seat 4: davinci1962 folded before Flop (didn't bet)
Seat 5: FELIPE439 folded before Flop (didn't bet)
Seat 6: kombei63 folded before Flop (didn't bet)



PokerStars Zoom Hand #259377722073:  Hold'em No Limit (€0.02/€0.05) - 2026/01/19 17:40:51 CET [2026/01/19 11:40:51 ET]
Table 'Asterope' 6-max Seat #1 is the button
Seat 1: pimno (€1.86 in chips) 
Seat 2: le pistash (€5 in chips) 
Seat 3: crmLL (€5.03 in chips) 
Seat 4: pipinoelbreve9 (€8.53 in chips) 
Seat 5: CondeVnCount (€5.14 in chips) 
Seat 6: DeividBox980 (€6.56 in chips) 
le pistash: posts small blind €0.02
crmLL: posts big blind €0.05
*** HOLE CARDS ***
Dealt to pipinoelbreve9 [Qh 6s]
pipinoelbreve9: folds 
CondeVnCount: folds 
DeividBox980: raises €0.05 to €0.10
pimno: calls €0.10
le pistash: calls €0.08
crmLL: calls €0.05
*** FLOP *** [6d 9d 4h]
le pistash: checks 
crmLL: checks 
DeividBox980: checks 
pimno: checks 
*** TURN *** [6d 9d 4h] [Tc]
le pistash: checks 
crmLL: bets €0.19
DeividBox980: folds 
pimno: folds 
le pistash: folds 
Uncalled bet (€0.19) returned to crmLL
crmLL collected €0.38 from pot
crmLL: doesn't show hand 
*** SUMMARY ***
Total pot €0.40 | Rake €0.02 
Board [6d 9d 4h Tc]
Seat 1: pimno (button) folded on the Turn
Seat 2: le pistash (small blind) folded on the Turn
Seat 3: crmLL (big blind) collected (€0.38)
Seat 4: pipinoelbreve9 folded before Flop (didn't bet)
Seat 5: CondeVnCount folded before Flop (didn't bet)
Seat 6: DeividBox980 folded on the Turn



PokerStars Zoom Hand #259377733001:  Hold'em No Limit (€0.02/€0.05) - 2026/01/19 17:41:47 CET [2026/01/19 11:41:47 ET]
Table 'Asterope' 6-max Seat #1 is the button
Seat 1: nickmajo (€5.88 in chips) 
Seat 2: Nastqecs (€4.11 in chips) 
Seat 3: DeividBox980 (€6.46 in chips) 
Seat 4: pipinoelbreve9 (€8.53 in chips) 
Seat 5: kombei63 (€5.44 in chips) 
Seat 6: Ischadia (€6.80 in chips) 
Nastqecs: posts small blind €0.02
DeividBox980: posts big blind €0.05
*** HOLE CARDS ***
Dealt to pipinoelbreve9 [9d 2s]
pipinoelbreve9: folds 
kombei63: folds 
Ischadia: folds 
nickmajo: raises €0.07 to €0.12
Nastqecs: folds 
DeividBox980: folds 
Uncalled bet (€0.07) returned to nickmajo
nickmajo collected €0.12 from pot
nickmajo: doesn't show hand 
*** SUMMARY ***
Total pot €0.12 | Rake €0 
Seat 1: nickmajo (button) collected (€0.12)
Seat 2: Nastqecs (small blind) folded before Flop
Seat 3: DeividBox980 (big blind) folded before Flop
Seat 4: pipinoelbreve9 folded before Flop (didn't bet)
Seat 5: kombei63 folded before Flop (didn't bet)
Seat 6: Ischadia folded before Flop (didn't bet)



PokerStars Zoom Hand #259377730882:  Hold'em No Limit (€0.02/€0.05) - 2026/01/19 17:41:36 CET [2026/01/19 11:41:36 ET]
Table 'Asterope' 6-max Seat #1 is the button
Seat 1: gimeno7 (€1.85 in chips) 
Seat 2: CondeVnCount (€5.14 in chips) 
Seat 3: Ivangennaro (€6.93 in chips) 
Seat 4: pimno (€1.74 in chips) 
Seat 5: mentalist1479 (€2.02 in chips) 
Seat 6: pipinoelbreve9 (€8.53 in chips) 
CondeVnCount: posts small blind €0.02
Ivangennaro: posts big blind €0.05
*** HOLE CARDS ***
Dealt to pipinoelbreve9 [Kh 3h]
pimno: folds 
mentalist1479: calls €0.05
pipinoelbreve9: folds 
gimeno7: folds 
CondeVnCount: folds 
Ivangennaro: checks 
*** FLOP *** [6d 4s 2h]
Ivangennaro: checks 
mentalist1479: bets €0.11
Ivangennaro: folds 
Uncalled bet (€0.11) returned to mentalist1479
mentalist1479 collected €0.11 from pot
mentalist1479: doesn't show hand 
*** SUMMARY ***
Total pot €0.12 | Rake €0.01 
Board [6d 4s 2h]
Seat 1: gimeno7 (button) folded before Flop (didn't bet)
Seat 2: CondeVnCount (small blind) folded before Flop
Seat 3: Ivangennaro (big blind) folded on the Flop
Seat 4: pimno folded before Flop (didn't bet)
Seat 5: mentalist1479 collected (€0.11)
Seat 6: pipinoelbreve9 folded before Flop (didn't bet)



PokerStars Zoom Hand #259377735425:  Hold'em No Limit (€0.02/€0.05) - 2026/01/19 17:41:59 CET [2026/01/19 11:41:59 ET]
Table 'Asterope' 6-max Seat #1 is the button
Seat 1: iurii machushak (€4.62 in chips) 
Seat 2: pipinoelbreve9 (€8.53 in chips) 
Seat 3: Nimed (€9.08 in chips) 
Seat 4: Ivangennaro (€11.14 in chips) 
Seat 5: ManuyPablo (€6.17 in chips) 
Seat 6: ivantilt1982 (€4.09 in chips) 
pipinoelbreve9: posts small blind €0.02
Nimed: posts big blind €0.05
*** HOLE CARDS ***
Dealt to pipinoelbreve9 [8c 7c]
Ivangennaro: folds 
ManuyPablo: folds 
ivantilt1982: folds 
iurii machushak: folds 
pipinoelbreve9: raises €0.07 to €0.12
Nimed: calls €0.07
*** FLOP *** [5c Kd Qh]
pipinoelbreve9: bets €0.08
Nimed: folds 
Uncalled bet (€0.08) returned to pipinoelbreve9
pipinoelbreve9 collected €0.23 from pot
pipinoelbreve9: doesn't show hand 
*** SUMMARY ***
Total pot €0.24 | Rake €0.01 
Board [5c Kd Qh]
Seat 1: iurii machushak (button) folded before Flop (didn't bet)
Seat 2: pipinoelbreve9 (small blind) collected (€0.23)
Seat 3: Nimed (big blind) folded on the Flop
Seat 4: Ivangennaro folded before Flop (didn't bet)
Seat 5: ManuyPablo folded before Flop (didn't bet)
Seat 6: ivantilt1982 folded before Flop (didn't bet)



