PokerStars Zoom Hand #258218730716:  Hold'em No Limit (€0.05/€0.10) - 2025/10/22 11:44:51 CET [2025/10/22 5:44:51 ET]
Table 'Caph' 6-max Seat #1 is the button
Seat 1: 2Jm2 (€10 in chips) 
Seat 2: willywon221 (€8.14 in chips) 
Seat 3: pipinoelbreve9 (€10 in chips) 
Seat 4: Split2902 (€10.42 in chips) 
Seat 5: ivanfont98 (€10 in chips) 
Seat 6: bibimott (€16.76 in chips) 
willywon221: posts small blind €0.05
pipinoelbreve9: posts big blind €0.10
*** HOLE CARDS ***
Dealt to pipinoelbreve9 [Ks 9d]
Split2902: folds 
ivanfont98: folds 
bibimott: folds 
2Jm2: raises €0.15 to €0.25
willywon221: raises €0.60 to €0.85
pipinoelbreve9: folds 
2Jm2: folds 
Uncalled bet (€0.60) returned to willywon221
willywon221 collected €0.60 from pot
willywon221: doesn't show hand 
*** SUMMARY ***
Total pot €0.60 | Rake €0 
Seat 1: 2Jm2 (button) folded before Flop
Seat 2: willywon221 (small blind) collected (€0.60)
Seat 3: pipinoelbreve9 (big blind) folded before Flop
Seat 4: Split2902 folded before Flop (didn't bet)
Seat 5: ivanfont98 folded before Flop (didn't bet)
Seat 6: bibimott folded before Flop (didn't bet)



PokerStars Zoom Hand #258218733728:  Hold'em No Limit (€0.05/€0.10) - 2025/10/22 11:45:24 CET [2025/10/22 5:45:24 ET]
Table 'Caph' 6-max Seat #1 is the button
Seat 1: MACEDO_TROFA (€11.11 in chips) 
Seat 2: pipinoelbreve9 (€10 in chips) 
Seat 3: NosoVinci (€5 in chips) 
Seat 4: Split2902 (€28.76 in chips) 
Seat 5: 2Jm2 (€14.93 in chips) 
Seat 6: Arckira08 (€10 in chips) 
pipinoelbreve9: posts small blind €0.05
NosoVinci: posts big blind €0.10
*** HOLE CARDS ***
Dealt to pipinoelbreve9 [9h Ah]
Split2902: folds 
2Jm2: folds 
Arckira08: folds 
MACEDO_TROFA: folds 
pipinoelbreve9: raises €0.15 to €0.25
NosoVinci: folds 
Uncalled bet (€0.15) returned to pipinoelbreve9
pipinoelbreve9 collected €0.20 from pot
pipinoelbreve9: doesn't show hand 
*** SUMMARY ***
Total pot €0.20 | Rake €0 
Seat 1: MACEDO_TROFA (button) folded before Flop (didn't bet)
Seat 2: pipinoelbreve9 (small blind) collected (€0.20)
Seat 3: NosoVinci (big blind) folded before Flop
Seat 4: Split2902 folded before Flop (didn't bet)
Seat 5: 2Jm2 folded before Flop (didn't bet)
Seat 6: Arckira08 folded before Flop (didn't bet)



PokerStars Zoom Hand #258218732404:  Hold'em No Limit (€0.05/€0.10) - 2025/10/22 11:45:09 CET [2025/10/22 5:45:09 ET]
Table 'Caph' 6-max Seat #1 is the button
Seat 1: pipinoelbreve9 (€10 in chips) 
Seat 2: Split2902 (€10.32 in chips) 
Seat 3: 2Jm2 (€15.03 in chips) 
Seat 4: Txinarro69 (€8.76 in chips) 
Seat 5: Ferran1194 (€15.20 in chips) 
Seat 6: ibic22 (€11.12 in chips) 
Split2902: posts small blind €0.05
2Jm2: posts big blind €0.10
*** HOLE CARDS ***
Dealt to pipinoelbreve9 [As 9h]
Txinarro69: folds 
Ferran1194: folds 
ibic22: raises €0.14 to €0.24
pipinoelbreve9: folds 
Split2902: raises €0.88 to €1.12
2Jm2: folds 
ibic22: folds 
Uncalled bet (€0.88) returned to Split2902
Split2902 collected €0.58 from pot
Split2902: doesn't show hand 
*** SUMMARY ***
Total pot €0.58 | Rake €0 
Seat 1: pipinoelbreve9 (button) folded before Flop (didn't bet)
Seat 2: Split2902 (small blind) collected (€0.58)
Seat 3: 2Jm2 (big blind) folded before Flop
Seat 4: Txinarro69 folded before Flop (didn't bet)
Seat 5: Ferran1194 folded before Flop (didn't bet)
Seat 6: ibic22 folded before Flop



PokerStars Zoom Hand #258218735118:  Hold'em No Limit (€0.05/€0.10) - 2025/10/22 11:45:40 CET [2025/10/22 5:45:40 ET]
Table 'Caph' 6-max Seat #1 is the button
Seat 1: leobcn9 (€19.02 in chips) 
Seat 2: abirras83 (€10.02 in chips) 
Seat 3: Sergiomm3 (€13.54 in chips) 
Seat 4: ivanfont98 (€10 in chips) 
Seat 5: willywon221 (€10.61 in chips) 
Seat 6: pipinoelbreve9 (€10.10 in chips) 
abirras83: posts small blind €0.05
Sergiomm3: posts big blind €0.10
*** HOLE CARDS ***
Dealt to pipinoelbreve9 [9h 4c]
ivanfont98: folds 
willywon221: folds 
pipinoelbreve9: folds 
leobcn9: raises €0.20 to €0.30
abirras83: folds 
Sergiomm3: folds 
Uncalled bet (€0.20) returned to leobcn9
leobcn9 collected €0.25 from pot
leobcn9: doesn't show hand 
*** SUMMARY ***
Total pot €0.25 | Rake €0 
Seat 1: leobcn9 (button) collected (€0.25)
Seat 2: abirras83 (small blind) folded before Flop
Seat 3: Sergiomm3 (big blind) folded before Flop
Seat 4: ivanfont98 folded before Flop (didn't bet)
Seat 5: willywon221 folded before Flop (didn't bet)
Seat 6: pipinoelbreve9 folded before Flop (didn't bet)



PokerStars Zoom Hand #258218733198:  Hold'em No Limit (€0.05/€0.10) - 2025/10/22 11:45:18 CET [2025/10/22 5:45:18 ET]
Table 'Caph' 6-max Seat #1 is the button
Seat 1: fathappi (€12.52 in chips) 
Seat 2: abirras83 (€10.07 in chips) 
Seat 3: peterpunkkkk (€10.38 in chips) 
Seat 4: jabago19 (€12.89 in chips) 
Seat 5: pipinoelbreve9 (€10 in chips) 
Seat 6: nunorui (€16.17 in chips) 
abirras83: posts small blind €0.05
peterpunkkkk: posts big blind €0.10
*** HOLE CARDS ***
Dealt to pipinoelbreve9 [2s Ah]
jabago19: folds 
pipinoelbreve9: folds 
nunorui: raises €0.10 to €0.20
fathappi: folds 
abirras83: folds 
peterpunkkkk: calls €0.10
*** FLOP *** [Qd Jd 7c]
peterpunkkkk: checks 
nunorui: bets €0.43
peterpunkkkk: calls €0.43
*** TURN *** [Qd Jd 7c] [6h]
peterpunkkkk: checks 
nunorui: bets €0.62
peterpunkkkk: calls €0.62
*** RIVER *** [Qd Jd 7c 6h] [7d]
peterpunkkkk: checks 
nunorui: checks 
*** SHOW DOWN ***
peterpunkkkk: shows [Ac Js] (two pair, Jacks and Sevens)
nunorui: shows [5s Qs] (two pair, Queens and Sevens)
nunorui collected €2.42 from pot
*** SUMMARY ***
Total pot €2.55 | Rake €0.13 
Board [Qd Jd 7c 6h 7d]
Seat 1: fathappi (button) folded before Flop (didn't bet)
Seat 2: abirras83 (small blind) folded before Flop
Seat 3: peterpunkkkk (big blind) showed [Ac Js] and lost with two pair, Jacks and Sevens
Seat 4: jabago19 folded before Flop (didn't bet)
Seat 5: pipinoelbreve9 folded before Flop (didn't bet)
Seat 6: nunorui showed [5s Qs] and won (€2.42) with two pair, Queens and Sevens



PokerStars Zoom Hand #258218736081:  Hold'em No Limit (€0.05/€0.10) - 2025/10/22 11:45:51 CET [2025/10/22 5:45:51 ET]
Table 'Caph' 6-max Seat #1 is the button
Seat 1: NosoVinci (€5 in chips) 
Seat 2: Gonzalit00 (€10.27 in chips) 
Seat 3: pipinoelbreve9 (€10.10 in chips) 
Seat 4: bobby0669 (€8.71 in chips) 
Seat 5: willywon221 (€7.83 in chips) 
Seat 6: 2Jm2 (€14.88 in chips) 
Gonzalit00: posts small blind €0.05
pipinoelbreve9: posts big blind €0.10
*** HOLE CARDS ***
Dealt to pipinoelbreve9 [5h 4d]
bobby0669: calls €0.10
willywon221: folds 
2Jm2: folds 
NosoVinci: folds 
Gonzalit00: raises €0.60 to €0.70
pipinoelbreve9: folds 
bobby0669: folds 
Uncalled bet (€0.60) returned to Gonzalit00
Gonzalit00 collected €0.30 from pot
Gonzalit00: doesn't show hand 
*** SUMMARY ***
Total pot €0.30 | Rake €0 
Seat 1: NosoVinci (button) folded before Flop (didn't bet)
Seat 2: Gonzalit00 (small blind) collected (€0.30)
Seat 3: pipinoelbreve9 (big blind) folded before Flop
Seat 4: bobby0669 folded before Flop
Seat 5: willywon221 folded before Flop (didn't bet)
Seat 6: 2Jm2 folded before Flop (didn't bet)



PokerStars Zoom Hand #258218735375:  Hold'em No Limit (€0.05/€0.10) - 2025/10/22 11:45:43 CET [2025/10/22 5:45:43 ET]
Table 'Caph' 6-max Seat #1 is the button
Seat 1: Gonzalit00 (€10.27 in chips) 
Seat 2: bibimott (€11.02 in chips) 
Seat 3: ivanfont98 (€10 in chips) 
Seat 4: 2Jm2 (€10.15 in chips) 
Seat 5: cAllAnnie2 (€10.99 in chips) 
Seat 6: pipinoelbreve9 (€10.10 in chips) 
bibimott: posts small blind €0.05
ivanfont98: posts big blind €0.10
*** HOLE CARDS ***
Dealt to pipinoelbreve9 [6h Qc]
2Jm2: folds 
cAllAnnie2: folds 
pipinoelbreve9: folds 
Gonzalit00: folds 
bibimott: folds 
Uncalled bet (€0.05) returned to ivanfont98
ivanfont98 collected €0.10 from pot
ivanfont98: doesn't show hand 
*** SUMMARY ***
Total pot €0.10 | Rake €0 
Seat 1: Gonzalit00 (button) folded before Flop (didn't bet)
Seat 2: bibimott (small blind) folded before Flop
Seat 3: ivanfont98 (big blind) collected (€0.10)
Seat 4: 2Jm2 folded before Flop (didn't bet)
Seat 5: cAllAnnie2 folded before Flop (didn't bet)
Seat 6: pipinoelbreve9 folded before Flop (didn't bet)



PokerStars Zoom Hand #258218735797:  Hold'em No Limit (€0.05/€0.10) - 2025/10/22 11:45:47 CET [2025/10/22 5:45:47 ET]
Table 'Caph' 6-max Seat #1 is the button
Seat 1: pipinoelbreve9 (€10.10 in chips) 
Seat 2: NosoVinci (€5 in chips) 
Seat 3: watchme1shotyoy (€10 in chips) 
Seat 4: cAllAnnie2 (€10.86 in chips) 
Seat 5: Andreahb1123 (€10 in chips) 
Seat 6: Gonzalit00 (€10.27 in chips) 
NosoVinci: posts small blind €0.05
watchme1shotyoy: posts big blind €0.10
*** HOLE CARDS ***
Dealt to pipinoelbreve9 [9d 7c]
cAllAnnie2: raises €0.15 to €0.25
Andreahb1123: raises €0.45 to €0.70
Gonzalit00: folds 
pipinoelbreve9: folds 
NosoVinci: folds 
watchme1shotyoy: folds 
cAllAnnie2: calls €0.45
*** FLOP *** [9c 3s Ac]
cAllAnnie2: checks 
Andreahb1123: bets €0.54
cAllAnnie2: calls €0.54
*** TURN *** [9c 3s Ac] [Jc]
cAllAnnie2: checks 
Andreahb1123: bets €1.50
cAllAnnie2: calls €1.50
*** RIVER *** [9c 3s Ac Jc] [4c]
cAllAnnie2: checks 
Andreahb1123: bets €1.90
cAllAnnie2: folds 
Uncalled bet (€1.90) returned to Andreahb1123
Andreahb1123 collected €5.35 from pot
Andreahb1123: doesn't show hand 
*** SUMMARY ***
Total pot €5.63 | Rake €0.28 
Board [9c 3s Ac Jc 4c]
Seat 1: pipinoelbreve9 (button) folded before Flop (didn't bet)
Seat 2: NosoVinci (small blind) folded before Flop
Seat 3: watchme1shotyoy (big blind) folded before Flop
Seat 4: cAllAnnie2 folded on the River
Seat 5: Andreahb1123 collected (€5.35)
Seat 6: Gonzalit00 folded before Flop (didn't bet)



PokerStars Zoom Hand #258218737224:  Hold'em No Limit (€0.05/€0.10) - 2025/10/22 11:46:03 CET [2025/10/22 5:46:03 ET]
Table 'Caph' 6-max Seat #1 is the button
Seat 1: Split2902 (€10.81 in chips) 
Seat 2: watchme1shotyoy (€9.90 in chips) 
Seat 3: unbalancedman (€10.25 in chips) 
Seat 4: sonhel (€7.91 in chips) 
Seat 5: pipinoelbreve9 (€10 in chips) 
Seat 6: ivanfont98 (€10.04 in chips) 
watchme1shotyoy: posts small blind €0.05
unbalancedman: posts big blind €0.10
*** HOLE CARDS ***
Dealt to pipinoelbreve9 [Jd Kd]
sonhel: raises €0.25 to €0.35
pipinoelbreve9: calls €0.35
ivanfont98: folds 
Split2902 has timed out while disconnected
Split2902: folds 
watchme1shotyoy: calls €0.30
unbalancedman: folds 
*** FLOP *** [3c 5c Ac]
watchme1shotyoy: checks 
sonhel: checks 
pipinoelbreve9: checks 
*** TURN *** [3c 5c Ac] [Kc]
watchme1shotyoy: checks 
sonhel: checks 
pipinoelbreve9: checks 
*** RIVER *** [3c 5c Ac Kc] [2h]
watchme1shotyoy: checks 
sonhel: checks 
pipinoelbreve9: checks 
*** SHOW DOWN ***
watchme1shotyoy: shows [Ks Ts] (a pair of Kings)
sonhel: mucks hand 
pipinoelbreve9: shows [Jd Kd] (a pair of Kings - Ace+Jack kicker)
pipinoelbreve9 collected €1.09 from pot
*** SUMMARY ***
Total pot €1.15 | Rake €0.06 
Board [3c 5c Ac Kc 2h]
Seat 1: Split2902 (button) folded before Flop (didn't bet)
Seat 2: watchme1shotyoy (small blind) showed [Ks Ts] and lost with a pair of Kings
Seat 3: unbalancedman (big blind) folded before Flop
Seat 4: sonhel mucked [9h Qh]
Seat 5: pipinoelbreve9 showed [Jd Kd] and won (€1.09) with a pair of Kings
Seat 6: ivanfont98 folded before Flop (didn't bet)



PokerStars Zoom Hand #258218744599:  Hold'em No Limit (€0.05/€0.10) - 2025/10/22 11:47:27 CET [2025/10/22 5:47:27 ET]
Table 'Caph' 6-max Seat #1 is the button
Seat 1: pipinoelbreve9 (€10.69 in chips) 
Seat 2: jabago19 (€12.74 in chips) 
Seat 3: Andreahb1123 (€12.48 in chips) 
Seat 4: thedyas (€6.33 in chips) 
Seat 5: NosoVinci (€5.86 in chips) 
Seat 6: Txinarro69 (€9.03 in chips) 
jabago19: posts small blind €0.05
Andreahb1123: posts big blind €0.10
*** HOLE CARDS ***
Dealt to pipinoelbreve9 [5d 8d]
thedyas: folds 
NosoVinci: folds 
Txinarro69: folds 
pipinoelbreve9: folds 
jabago19: folds 
Uncalled bet (€0.05) returned to Andreahb1123
Andreahb1123 collected €0.10 from pot
Andreahb1123: doesn't show hand 
*** SUMMARY ***
Total pot €0.10 | Rake €0 
Seat 1: pipinoelbreve9 (button) folded before Flop (didn't bet)
Seat 2: jabago19 (small blind) folded before Flop
Seat 3: Andreahb1123 (big blind) collected (€0.10)
Seat 4: thedyas folded before Flop (didn't bet)
Seat 5: NosoVinci folded before Flop (didn't bet)
Seat 6: Txinarro69 folded before Flop (didn't bet)



PokerStars Zoom Hand #258218743969:  Hold'em No Limit (€0.05/€0.10) - 2025/10/22 11:47:20 CET [2025/10/22 5:47:20 ET]
Table 'Caph' 6-max Seat #1 is the button
Seat 1: Andreahb1123 (€12.48 in chips) 
Seat 2: pipinoelbreve9 (€10.74 in chips) 
Seat 3: JRG244 (€11.31 in chips) 
Seat 4: willywon221 (€8.25 in chips) 
Seat 5: unbalancedman (€10 in chips) 
Seat 6: thedyas (€6.33 in chips) 
pipinoelbreve9: posts small blind €0.05
JRG244: posts big blind €0.10
*** HOLE CARDS ***
Dealt to pipinoelbreve9 [2d Qd]
willywon221: raises €0.20 to €0.30
unbalancedman: folds 
thedyas: folds 
Andreahb1123: folds 
pipinoelbreve9: folds 
JRG244: calls €0.20
*** FLOP *** [7d 5h Ts]
JRG244: checks 
willywon221: checks 
*** TURN *** [7d 5h Ts] [8c]
JRG244: bets €0.62
willywon221: folds 
Uncalled bet (€0.62) returned to JRG244
JRG244 collected €0.62 from pot
JRG244: doesn't show hand 
*** SUMMARY ***
Total pot €0.65 | Rake €0.03 
Board [7d 5h Ts 8c]
Seat 1: Andreahb1123 (button) folded before Flop (didn't bet)
Seat 2: pipinoelbreve9 (small blind) folded before Flop
Seat 3: JRG244 (big blind) collected (€0.62)
Seat 4: willywon221 folded on the Turn
Seat 5: unbalancedman folded before Flop (didn't bet)
Seat 6: thedyas folded before Flop (didn't bet)



PokerStars Zoom Hand #258218744979:  Hold'em No Limit (€0.05/€0.10) - 2025/10/22 11:47:31 CET [2025/10/22 5:47:31 ET]
Table 'Caph' 6-max Seat #1 is the button
Seat 1: 2Jm2 (€10 in chips) 
Seat 2: unbalancedman (€14.93 in chips) 
Seat 3: LUISFIMURIEL (€9.10 in chips) 
Seat 4: pipinoelbreve9 (€10.69 in chips) 
Seat 5: Txinarro69 (€9.03 in chips) 
Seat 6: Split2902 (€16.43 in chips) 
unbalancedman: posts small blind €0.05
LUISFIMURIEL: posts big blind €0.10
*** HOLE CARDS ***
Dealt to pipinoelbreve9 [9d 5c]
pipinoelbreve9: folds 
Txinarro69: calls €0.10
Split2902: raises €0.25 to €0.35
2Jm2: folds 
unbalancedman: folds 
LUISFIMURIEL: folds 
Txinarro69: folds 
Uncalled bet (€0.25) returned to Split2902
Split2902 collected €0.35 from pot
Split2902: doesn't show hand 
*** SUMMARY ***
Total pot €0.35 | Rake €0 
Seat 1: 2Jm2 (button) folded before Flop (didn't bet)
Seat 2: unbalancedman (small blind) folded before Flop
Seat 3: LUISFIMURIEL (big blind) folded before Flop
Seat 4: pipinoelbreve9 folded before Flop (didn't bet)
Seat 5: Txinarro69 folded before Flop
Seat 6: Split2902 collected (€0.35)



PokerStars Zoom Hand #258218745232:  Hold'em No Limit (€0.05/€0.10) - 2025/10/22 11:47:34 CET [2025/10/22 5:47:34 ET]
Table 'Caph' 6-max Seat #1 is the button
Seat 1: Split2902 (€27.81 in chips) 
Seat 2: ibic22 (€10.73 in chips) 
Seat 3: pipinoelbreve9 (€10.69 in chips) 
Seat 4: Andreahb1123 (€14.04 in chips) 
Seat 5: gregoss054 (€10 in chips) 
Seat 6: bibimott (€16.75 in chips) 
ibic22: posts small blind €0.05
pipinoelbreve9: posts big blind €0.10
*** HOLE CARDS ***
Dealt to pipinoelbreve9 [As 5s]
Andreahb1123: folds 
gregoss054: folds 
bibimott: folds 
Split2902: raises €0.15 to €0.25
ibic22: folds 
pipinoelbreve9: calls €0.15
*** FLOP *** [7h 6d 5h]
pipinoelbreve9: checks 
Split2902: bets €0.39
pipinoelbreve9: calls €0.39
*** TURN *** [7h 6d 5h] [3d]
pipinoelbreve9: checks 
Split2902: bets €0.95
pipinoelbreve9: calls €0.95
*** RIVER *** [7h 6d 5h 3d] [Ah]
pipinoelbreve9: checks 
Split2902: checks 
*** SHOW DOWN ***
pipinoelbreve9: shows [As 5s] (two pair, Aces and Fives)
Split2902: mucks hand 
pipinoelbreve9 collected €3.07 from pot
*** SUMMARY ***
Total pot €3.23 | Rake €0.16 
Board [7h 6d 5h 3d Ah]
Seat 1: Split2902 (button) mucked [Jd Jh]
Seat 2: ibic22 (small blind) folded before Flop
Seat 3: pipinoelbreve9 (big blind) showed [As 5s] and won (€3.07) with two pair, Aces and Fives
Seat 4: Andreahb1123 folded before Flop (didn't bet)
Seat 5: gregoss054 folded before Flop (didn't bet)
Seat 6: bibimott folded before Flop (didn't bet)



PokerStars Zoom Hand #258218751062:  Hold'em No Limit (€0.05/€0.10) - 2025/10/22 11:48:39 CET [2025/10/22 5:48:39 ET]
Table 'Caph' 6-max Seat #1 is the button
Seat 1: Andreahb1123 (€14.04 in chips) 
Seat 2: ivanfont98 (€10 in chips) 
Seat 3: LUISFIMURIEL (€8.30 in chips) 
Seat 4: jabago19 (€12.44 in chips) 
Seat 5: Split2902 (€26.22 in chips) 
Seat 6: pipinoelbreve9 (€12.17 in chips) 
ivanfont98: posts small blind €0.05
LUISFIMURIEL: posts big blind €0.10
*** HOLE CARDS ***
Dealt to pipinoelbreve9 [2s 4d]
jabago19: folds 
Split2902: folds 
pipinoelbreve9: folds 
Andreahb1123: raises €0.10 to €0.20
ivanfont98: folds 
LUISFIMURIEL: folds 
Uncalled bet (€0.10) returned to Andreahb1123
Andreahb1123 collected €0.25 from pot
Andreahb1123: doesn't show hand 
*** SUMMARY ***
Total pot €0.25 | Rake €0 
Seat 1: Andreahb1123 (button) collected (€0.25)
Seat 2: ivanfont98 (small blind) folded before Flop
Seat 3: LUISFIMURIEL (big blind) folded before Flop
Seat 4: jabago19 folded before Flop (didn't bet)
Seat 5: Split2902 folded before Flop (didn't bet)
Seat 6: pipinoelbreve9 folded before Flop (didn't bet)



PokerStars Zoom Hand #258218751595:  Hold'em No Limit (€0.05/€0.10) - 2025/10/22 11:48:45 CET [2025/10/22 5:48:45 ET]
Table 'Caph' 6-max Seat #1 is the button
Seat 1: ivanfont98 (€10 in chips) 
Seat 2: pipinoelbreve9 (€12.17 in chips) 
Seat 3: bibimott (€7.69 in chips) 
Seat 4: bobby0669 (€5.45 in chips) 
Seat 5: Ferran1194 (€4.32 in chips) 
Seat 6: ibic22 (€17.62 in chips) 
pipinoelbreve9: posts small blind €0.05
bibimott: posts big blind €0.10
*** HOLE CARDS ***
Dealt to pipinoelbreve9 [Ac Jh]
bobby0669: folds 
Ferran1194: folds 
ibic22: folds 
ivanfont98: raises €0.20 to €0.30
pipinoelbreve9: raises €0.80 to €1.10
bibimott: folds 
ivanfont98: folds 
Uncalled bet (€0.80) returned to pipinoelbreve9
pipinoelbreve9 collected €0.70 from pot
pipinoelbreve9: doesn't show hand 
*** SUMMARY ***
Total pot €0.70 | Rake €0 
Seat 1: ivanfont98 (button) folded before Flop
Seat 2: pipinoelbreve9 (small blind) collected (€0.70)
Seat 3: bibimott (big blind) folded before Flop
Seat 4: bobby0669 folded before Flop (didn't bet)
Seat 5: Ferran1194 folded before Flop (didn't bet)
Seat 6: ibic22 folded before Flop (didn't bet)



PokerStars Zoom Hand #258218755507:  Hold'em No Limit (€0.05/€0.10) - 2025/10/22 11:49:28 CET [2025/10/22 5:49:28 ET]
Table 'Caph' 6-max Seat #1 is the button
Seat 1: NosoVinci (€5.20 in chips) 
Seat 2: willywon221 (€8.42 in chips) 
Seat 3: motomoto17 (€10.07 in chips) 
Seat 4: JRG244 (€11.63 in chips) 
Seat 5: Andreahb1123 (€14.28 in chips) 
Seat 6: pipinoelbreve9 (€12.57 in chips) 
willywon221: posts small blind €0.05
motomoto17: posts big blind €0.10
*** HOLE CARDS ***
Dealt to pipinoelbreve9 [8c Kd]
JRG244: folds 
Andreahb1123: folds 
pipinoelbreve9: folds 
NosoVinci: folds 
willywon221: folds 
Uncalled bet (€0.05) returned to motomoto17
motomoto17 collected €0.10 from pot
motomoto17: doesn't show hand 
*** SUMMARY ***
Total pot €0.10 | Rake €0 
Seat 1: NosoVinci (button) folded before Flop (didn't bet)
Seat 2: willywon221 (small blind) folded before Flop
Seat 3: motomoto17 (big blind) collected (€0.10)
Seat 4: JRG244 folded before Flop (didn't bet)
Seat 5: Andreahb1123 folded before Flop (didn't bet)
Seat 6: pipinoelbreve9 folded before Flop (didn't bet)



PokerStars Zoom Hand #258218754938:  Hold'em No Limit (€0.05/€0.10) - 2025/10/22 11:49:22 CET [2025/10/22 5:49:22 ET]
Table 'Caph' 6-max Seat #1 is the button
Seat 1: sonhel (€6.08 in chips) 
Seat 2: unbalancedman (€13.17 in chips) 
Seat 3: SergioL4 (€18.03 in chips) 
Seat 4: pipinoelbreve9 (€12.57 in chips) 
Seat 5: cAllAnnie2 (€10.05 in chips) 
Seat 6: abirras83 (€7.56 in chips) 
unbalancedman: posts small blind €0.05
SergioL4: posts big blind €0.10
*** HOLE CARDS ***
Dealt to pipinoelbreve9 [2h Ah]
pipinoelbreve9: folds 
cAllAnnie2: folds 
abirras83: folds 
sonhel: raises €0.25 to €0.35
unbalancedman: folds 
SergioL4: folds 
Uncalled bet (€0.25) returned to sonhel
sonhel collected €0.25 from pot
sonhel: doesn't show hand 
*** SUMMARY ***
Total pot €0.25 | Rake €0 
Seat 1: sonhel (button) collected (€0.25)
Seat 2: unbalancedman (small blind) folded before Flop
Seat 3: SergioL4 (big blind) folded before Flop
Seat 4: pipinoelbreve9 folded before Flop (didn't bet)
Seat 5: cAllAnnie2 folded before Flop (didn't bet)
Seat 6: abirras83 folded before Flop (didn't bet)



PokerStars Zoom Hand #258218754237:  Hold'em No Limit (€0.05/€0.10) - 2025/10/22 11:49:15 CET [2025/10/22 5:49:15 ET]
Table 'Caph' 6-max Seat #1 is the button
Seat 1: willywon221 (€8.42 in chips) 
Seat 2: abirras83 (€7.61 in chips) 
Seat 3: bobby0669 (€5.35 in chips) 
Seat 4: pipinoelbreve9 (€12.57 in chips) 
Seat 5: watchme1shotyoy (€8.92 in chips) 
Seat 6: gregoss054 (€10 in chips) 
abirras83: posts small blind €0.05
bobby0669: posts big blind €0.10
*** HOLE CARDS ***
Dealt to pipinoelbreve9 [2h 4h]
pipinoelbreve9: folds 
watchme1shotyoy: folds 
gregoss054: raises €0.15 to €0.25
willywon221: folds 
abirras83: folds 
bobby0669: calls €0.15
*** FLOP *** [Ks 8c Ts]
bobby0669: checks 
gregoss054: checks 
*** TURN *** [Ks 8c Ts] [Tc]
bobby0669: checks 
gregoss054: checks 
*** RIVER *** [Ks 8c Ts Tc] [3c]
bobby0669: checks 
gregoss054: checks 
*** SHOW DOWN ***
bobby0669: shows [9s As] (a pair of Tens)
gregoss054: shows [5s 5d] (two pair, Tens and Fives)
gregoss054 collected €0.52 from pot
*** SUMMARY ***
Total pot €0.55 | Rake €0.03 
Board [Ks 8c Ts Tc 3c]
Seat 1: willywon221 (button) folded before Flop (didn't bet)
Seat 2: abirras83 (small blind) folded before Flop
Seat 3: bobby0669 (big blind) showed [9s As] and lost with a pair of Tens
Seat 4: pipinoelbreve9 folded before Flop (didn't bet)
Seat 5: watchme1shotyoy folded before Flop (didn't bet)
Seat 6: gregoss054 showed [5s 5d] and won (€0.52) with two pair, Tens and Fives



PokerStars Zoom Hand #258218755896:  Hold'em No Limit (€0.05/€0.10) - 2025/10/22 11:49:33 CET [2025/10/22 5:49:33 ET]
Table 'Caph' 6-max Seat #1 is the button
Seat 1: MACEDO_TROFA (€9.06 in chips) 
Seat 2: Andreahb1123 (€13.37 in chips) 
Seat 3: pipinoelbreve9 (€12.57 in chips) 
Seat 4: Split2902 (€26.37 in chips) 
Seat 5: 2Jm2 (€15.91 in chips) 
Seat 6: willywon221 (€10.49 in chips) 
Andreahb1123: posts small blind €0.05
pipinoelbreve9: posts big blind €0.10
*** HOLE CARDS ***
Dealt to pipinoelbreve9 [9h 2h]
Split2902: folds 
2Jm2: folds 
willywon221: folds 
MACEDO_TROFA: raises €0.15 to €0.25
Andreahb1123: folds 
pipinoelbreve9: calls €0.15
*** FLOP *** [2s 4d 7d]
pipinoelbreve9: checks 
MACEDO_TROFA: bets €0.10
pipinoelbreve9: raises €0.24 to €0.34
MACEDO_TROFA: raises €1 to €1.34
pipinoelbreve9: folds 
Uncalled bet (€1) returned to MACEDO_TROFA
MACEDO_TROFA collected €1.17 from pot
MACEDO_TROFA: doesn't show hand 
*** SUMMARY ***
Total pot €1.23 | Rake €0.06 
Board [2s 4d 7d]
Seat 1: MACEDO_TROFA (button) collected (€1.17)
Seat 2: Andreahb1123 (small blind) folded before Flop
Seat 3: pipinoelbreve9 (big blind) folded on the Flop
Seat 4: Split2902 folded before Flop (didn't bet)
Seat 5: 2Jm2 folded before Flop (didn't bet)
Seat 6: willywon221 folded before Flop (didn't bet)



PokerStars Zoom Hand #258218761113:  Hold'em No Limit (€0.05/€0.10) - 2025/10/22 11:50:31 CET [2025/10/22 5:50:31 ET]
Table 'Caph' 6-max Seat #1 is the button
Seat 1: Ferran1194 (€2.99 in chips) 
Seat 2: JRG244 (€11.68 in chips) 
Seat 3: pipinoelbreve9 (€11.93 in chips) 
Seat 4: Andreahb1123 (€11.40 in chips) 
Seat 5: fathappi (€13 in chips) 
Seat 6: bibimott (€18.93 in chips) 
JRG244: posts small blind €0.05
pipinoelbreve9: posts big blind €0.10
*** HOLE CARDS ***
Dealt to pipinoelbreve9 [2h 8d]
Andreahb1123: raises €0.10 to €0.20
fathappi: folds 
bibimott: folds 
Ferran1194: raises €0.55 to €0.75
JRG244: folds 
pipinoelbreve9: folds 
Andreahb1123: folds 
Uncalled bet (€0.55) returned to Ferran1194
Ferran1194 collected €0.55 from pot
Ferran1194: doesn't show hand 
*** SUMMARY ***
Total pot €0.55 | Rake €0 
Seat 1: Ferran1194 (button) collected (€0.55)
Seat 2: JRG244 (small blind) folded before Flop
Seat 3: pipinoelbreve9 (big blind) folded before Flop
Seat 4: Andreahb1123 folded before Flop
Seat 5: fathappi folded before Flop (didn't bet)
Seat 6: bibimott folded before Flop (didn't bet)



PokerStars Zoom Hand #258218760776:  Hold'em No Limit (€0.05/€0.10) - 2025/10/22 11:50:27 CET [2025/10/22 5:50:27 ET]
Table 'Caph' 6-max Seat #1 is the button
Seat 1: Serrich12 (€5.52 in chips) 
Seat 2: MACEDO_TROFA (€9.64 in chips) 
Seat 3: Gonzalit00 (€19.08 in chips) 
Seat 4: fathappi (€13 in chips) 
Seat 5: pipinoelbreve9 (€11.93 in chips) 
Seat 6: etimo199 (€4.13 in chips) 
MACEDO_TROFA: posts small blind €0.05
Gonzalit00: posts big blind €0.10
*** HOLE CARDS ***
Dealt to pipinoelbreve9 [Kc 2s]
fathappi: folds 
pipinoelbreve9: folds 
etimo199: folds 
Serrich12: folds 
MACEDO_TROFA: folds 
Uncalled bet (€0.05) returned to Gonzalit00
Gonzalit00 collected €0.10 from pot
Gonzalit00: doesn't show hand 
*** SUMMARY ***
Total pot €0.10 | Rake €0 
Seat 1: Serrich12 (button) folded before Flop (didn't bet)
Seat 2: MACEDO_TROFA (small blind) folded before Flop
Seat 3: Gonzalit00 (big blind) collected (€0.10)
Seat 4: fathappi folded before Flop (didn't bet)
Seat 5: pipinoelbreve9 folded before Flop (didn't bet)
Seat 6: etimo199 folded before Flop (didn't bet)



PokerStars Zoom Hand #258218759409:  Hold'em No Limit (€0.05/€0.10) - 2025/10/22 11:50:12 CET [2025/10/22 5:50:12 ET]
Table 'Caph' 6-max Seat #1 is the button
Seat 1: peterpunkkkk (€11.94 in chips) 
Seat 2: pipinoelbreve9 (€11.98 in chips) 
Seat 3: willywon221 (€11.59 in chips) 
Seat 4: bibimott (€11.09 in chips) 
Seat 5: Gonzalit00 (€19.13 in chips) 
Seat 6: abirras83 (€10.47 in chips) 
pipinoelbreve9: posts small blind €0.05
willywon221: posts big blind €0.10
*** HOLE CARDS ***
Dealt to pipinoelbreve9 [7s 6d]
bibimott: calls €0.10
Gonzalit00: folds 
abirras83: raises €0.20 to €0.30
peterpunkkkk: folds 
pipinoelbreve9: folds 
willywon221: folds 
bibimott: calls €0.20
*** FLOP *** [Qc Jd Ks]
bibimott: checks 
abirras83: checks 
*** TURN *** [Qc Jd Ks] [5s]
bibimott: checks 
abirras83: bets €0.36
bibimott: folds 
Uncalled bet (€0.36) returned to abirras83
abirras83 collected €0.71 from pot
abirras83: doesn't show hand 
*** SUMMARY ***
Total pot €0.75 | Rake €0.04 
Board [Qc Jd Ks 5s]
Seat 1: peterpunkkkk (button) folded before Flop (didn't bet)
Seat 2: pipinoelbreve9 (small blind) folded before Flop
Seat 3: willywon221 (big blind) folded before Flop
Seat 4: bibimott folded on the Turn
Seat 5: Gonzalit00 folded before Flop (didn't bet)
Seat 6: abirras83 collected (€0.71)



PokerStars Zoom Hand #258218761543:  Hold'em No Limit (€0.05/€0.10) - 2025/10/22 11:50:36 CET [2025/10/22 5:50:36 ET]
Table 'Caph' 6-max Seat #1 is the button
Seat 1: unbalancedman (€13.12 in chips) 
Seat 2: bibimott (€18.93 in chips) 
Seat 3: peterpunkkkk (€12.49 in chips) 
Seat 4: pipinoelbreve9 (€11.83 in chips) 
Seat 5: Split2902 (€15.72 in chips) 
Seat 6: watchme1shotyoy (€8.62 in chips) 
bibimott: posts small blind €0.05
peterpunkkkk: posts big blind €0.10
*** HOLE CARDS ***
Dealt to pipinoelbreve9 [5s 2c]
pipinoelbreve9: folds 
Split2902: folds 
watchme1shotyoy: folds 
unbalancedman: raises €0.20 to €0.30
bibimott: folds 
peterpunkkkk: folds 
Uncalled bet (€0.20) returned to unbalancedman
unbalancedman collected €0.25 from pot
unbalancedman: doesn't show hand 
*** SUMMARY ***
Total pot €0.25 | Rake €0 
Seat 1: unbalancedman (button) collected (€0.25)
Seat 2: bibimott (small blind) folded before Flop
Seat 3: peterpunkkkk (big blind) folded before Flop
Seat 4: pipinoelbreve9 folded before Flop (didn't bet)
Seat 5: Split2902 folded before Flop (didn't bet)
Seat 6: watchme1shotyoy folded before Flop (didn't bet)



PokerStars Zoom Hand #258218760017:  Hold'em No Limit (€0.05/€0.10) - 2025/10/22 11:50:19 CET [2025/10/22 5:50:19 ET]
Table 'Caph' 6-max Seat #1 is the button
Seat 1: pipinoelbreve9 (€11.93 in chips) 
Seat 2: Gonzalit00 (€19.13 in chips) 
Seat 3: Sachagozal8 (€11.80 in chips) 
Seat 4: ramses31 (€9.87 in chips) 
Seat 5: peterpunkkkk (€11.94 in chips) 
Seat 6: bibimott (€7.89 in chips) 
Gonzalit00: posts small blind €0.05
Sachagozal8: posts big blind €0.10
*** HOLE CARDS ***
Dealt to pipinoelbreve9 [5s 9h]
ramses31: folds 
peterpunkkkk: raises €0.12 to €0.22
bibimott: folds 
pipinoelbreve9: folds 
Gonzalit00: folds 
Sachagozal8: calls €0.12
*** FLOP *** [4s 7s 4h]
Sachagozal8: checks 
peterpunkkkk: checks 
*** TURN *** [4s 7s 4h] [Jd]
Sachagozal8: checks 
peterpunkkkk: bets €0.35
Sachagozal8: calls €0.35
*** RIVER *** [4s 7s 4h Jd] [8c]
Sachagozal8: checks 
peterpunkkkk: checks 
*** SHOW DOWN ***
Sachagozal8: shows [Jh Kc] (two pair, Jacks and Fours)
peterpunkkkk: mucks hand 
Sachagozal8 collected €1.13 from pot
*** SUMMARY ***
Total pot €1.19 | Rake €0.06 
Board [4s 7s 4h Jd 8c]
Seat 1: pipinoelbreve9 (button) folded before Flop (didn't bet)
Seat 2: Gonzalit00 (small blind) folded before Flop
Seat 3: Sachagozal8 (big blind) showed [Jh Kc] and won (€1.13) with two pair, Jacks and Fours
Seat 4: ramses31 folded before Flop (didn't bet)
Seat 5: peterpunkkkk mucked [Ts Qs]
Seat 6: bibimott folded before Flop (didn't bet)



PokerStars Zoom Hand #258218761875:  Hold'em No Limit (€0.05/€0.10) - 2025/10/22 11:50:40 CET [2025/10/22 5:50:40 ET]
Table 'Caph' 6-max Seat #1 is the button
Seat 1: pipinoelbreve9 (€11.83 in chips) 
Seat 2: caspita295 (€9.90 in chips) 
Seat 3: NosoVinci (€5.98 in chips) 
Seat 4: Split2902 (€26.78 in chips) 
Seat 5: traelo (€9.90 in chips) 
Seat 6: cAllAnnie2 (€19.87 in chips) 
caspita295: posts small blind €0.05
NosoVinci: posts big blind €0.10
*** HOLE CARDS ***
Dealt to pipinoelbreve9 [9s Kd]
Split2902: folds 
traelo: folds 
cAllAnnie2: folds 
pipinoelbreve9: raises €0.15 to €0.25
caspita295: folds 
NosoVinci: folds 
Uncalled bet (€0.15) returned to pipinoelbreve9
pipinoelbreve9 collected €0.25 from pot
pipinoelbreve9: doesn't show hand 
*** SUMMARY ***
Total pot €0.25 | Rake €0 
Seat 1: pipinoelbreve9 (button) collected (€0.25)
Seat 2: caspita295 (small blind) folded before Flop
Seat 3: NosoVinci (big blind) folded before Flop
Seat 4: Split2902 folded before Flop (didn't bet)
Seat 5: traelo folded before Flop (didn't bet)
Seat 6: cAllAnnie2 folded before Flop (didn't bet)



PokerStars Zoom Hand #258218760299:  Hold'em No Limit (€0.05/€0.10) - 2025/10/22 11:50:22 CET [2025/10/22 5:50:22 ET]
Table 'Caph' 6-max Seat #1 is the button
Seat 1: 2Jm2 (€11.68 in chips) 
Seat 2: etimo199 (€4.18 in chips) 
Seat 3: gregoss054 (€10.42 in chips) 
Seat 4: pipinoelbreve9 (€11.93 in chips) 
Seat 5: PraiaSolMar (€6.17 in chips) 
Seat 6: Txinarro69 (€7.68 in chips) 
etimo199: posts small blind €0.05
gregoss054: posts big blind €0.10
*** HOLE CARDS ***
Dealt to pipinoelbreve9 [Th 7d]
pipinoelbreve9: folds 
PraiaSolMar: folds 
Txinarro69: calls €0.10
2Jm2: raises €0.20 to €0.30
etimo199: folds 
gregoss054: folds 
Txinarro69: calls €0.20
*** FLOP *** [Ah 9h Js]
Txinarro69: checks 
2Jm2: bets €0.30
Txinarro69: calls €0.30
*** TURN *** [Ah 9h Js] [Kc]
Txinarro69: checks 
2Jm2: checks 
*** RIVER *** [Ah 9h Js Kc] [Jc]
Txinarro69: checks 
2Jm2: bets €1.20
Txinarro69: folds 
Uncalled bet (€1.20) returned to 2Jm2
2Jm2 collected €1.28 from pot
2Jm2: doesn't show hand 
*** SUMMARY ***
Total pot €1.35 | Rake €0.07 
Board [Ah 9h Js Kc Jc]
Seat 1: 2Jm2 (button) collected (€1.28)
Seat 2: etimo199 (small blind) folded before Flop
Seat 3: gregoss054 (big blind) folded before Flop
Seat 4: pipinoelbreve9 folded before Flop (didn't bet)
Seat 5: PraiaSolMar folded before Flop (didn't bet)
Seat 6: Txinarro69 folded on the River



PokerStars Zoom Hand #258218754636:  Hold'em No Limit (€0.05/€0.10) - 2025/10/22 11:49:19 CET [2025/10/22 5:49:19 ET]
Table 'Caph' 6-max Seat #1 is the button
Seat 1: ivanfont98 (€10 in chips) 
Seat 2: Blue_Knight_3 (€6.93 in chips) 
Seat 3: MACEDO_TROFA (€9.16 in chips) 
Seat 4: ibic22 (€17.47 in chips) 
Seat 5: pipinoelbreve9 (€12.57 in chips) 
Seat 6: Serrich12 (€8.16 in chips) 
Blue_Knight_3: posts small blind €0.05
MACEDO_TROFA: posts big blind €0.10
*** HOLE CARDS ***
Dealt to pipinoelbreve9 [2d 8c]
ibic22: raises €0.14 to €0.24
pipinoelbreve9: folds 
Serrich12: folds 
ivanfont98: calls €0.24
Blue_Knight_3: folds 
MACEDO_TROFA: folds 
*** FLOP *** [Jh 9d 7h]
ibic22: bets €0.20
ivanfont98: calls €0.20
*** TURN *** [Jh 9d 7h] [9h]
ibic22: checks 
ivanfont98: bets €0.49
ibic22: calls €0.49
*** RIVER *** [Jh 9d 7h 9h] [8h]
ibic22: checks 
ivanfont98: bets €1.40
ibic22: calls €1.40
*** SHOW DOWN ***
ivanfont98: shows [Ah Jd] (a flush, Ace high)
ibic22: mucks hand 
ivanfont98 collected €4.57 from pot
*** SUMMARY ***
Total pot €4.81 | Rake €0.24 
Board [Jh 9d 7h 9h 8h]
Seat 1: ivanfont98 (button) showed [Ah Jd] and won (€4.57) with a flush, Ace high
Seat 2: Blue_Knight_3 (small blind) folded before Flop
Seat 3: MACEDO_TROFA (big blind) folded before Flop
Seat 4: ibic22 mucked [As Qh]
Seat 5: pipinoelbreve9 folded before Flop (didn't bet)
Seat 6: Serrich12 folded before Flop (didn't bet)



PokerStars Zoom Hand #258218763049:  Hold'em No Limit (€0.05/€0.10) - 2025/10/22 11:50:53 CET [2025/10/22 5:50:53 ET]
Table 'Caph' 6-max Seat #1 is the button
Seat 1: ibic22 (€10.33 in chips) 
Seat 2: pipinoelbreve9 (€11.98 in chips) 
Seat 3: thedyas (€6.53 in chips) 
Seat 4: cAllAnnie2 (€10 in chips) 
Seat 5: Gonzalit00 (€19.13 in chips) 
Seat 6: urbano1988 (€5.36 in chips) 
pipinoelbreve9: posts small blind €0.05
thedyas: posts big blind €0.10
*** HOLE CARDS ***
Dealt to pipinoelbreve9 [9c 8d]
cAllAnnie2: folds 
Gonzalit00: folds 
urbano1988: folds 
ibic22: folds 
pipinoelbreve9: raises €0.15 to €0.25
thedyas: calls €0.15
*** FLOP *** [4h 6c 3s]
pipinoelbreve9: bets €0.16
thedyas: calls €0.16
*** TURN *** [4h 6c 3s] [Ts]
pipinoelbreve9: bets €0.39
thedyas: calls €0.39
*** RIVER *** [4h 6c 3s Ts] [8h]
pipinoelbreve9: checks 
thedyas: checks 
*** SHOW DOWN ***
pipinoelbreve9: shows [9c 8d] (a pair of Eights)
thedyas: shows [3d 6d] (two pair, Sixes and Threes)
thedyas collected €1.52 from pot
*** SUMMARY ***
Total pot €1.60 | Rake €0.08 
Board [4h 6c 3s Ts 8h]
Seat 1: ibic22 (button) folded before Flop (didn't bet)
Seat 2: pipinoelbreve9 (small blind) showed [9c 8d] and lost with a pair of Eights
Seat 3: thedyas (big blind) showed [3d 6d] and won (€1.52) with two pair, Sixes and Threes
Seat 4: cAllAnnie2 folded before Flop (didn't bet)
Seat 5: Gonzalit00 folded before Flop (didn't bet)
Seat 6: urbano1988 folded before Flop (didn't bet)



PokerStars Zoom Hand #258218767394:  Hold'em No Limit (€0.05/€0.10) - 2025/10/22 11:51:42 CET [2025/10/22 5:51:42 ET]
Table 'Caph' 6-max Seat #1 is the button
Seat 1: Split2902 (€19.31 in chips) 
Seat 2: thedyas (€7.25 in chips) 
Seat 3: Andreahb1123 (€11.10 in chips) 
Seat 4: Blue_Knight_3 (€7.58 in chips) 
Seat 5: abirras83 (€10.53 in chips) 
Seat 6: pipinoelbreve9 (€11.18 in chips) 
thedyas: posts small blind €0.05
Andreahb1123: posts big blind €0.10
*** HOLE CARDS ***
Dealt to pipinoelbreve9 [Jc 7h]
Blue_Knight_3: folds 
abirras83: folds 
pipinoelbreve9: folds 
Split2902: folds 
thedyas: folds 
Uncalled bet (€0.05) returned to Andreahb1123
Andreahb1123 collected €0.10 from pot
Andreahb1123: doesn't show hand 
*** SUMMARY ***
Total pot €0.10 | Rake €0 
Seat 1: Split2902 (button) folded before Flop (didn't bet)
Seat 2: thedyas (small blind) folded before Flop
Seat 3: Andreahb1123 (big blind) collected (€0.10)
Seat 4: Blue_Knight_3 folded before Flop (didn't bet)
Seat 5: abirras83 folded before Flop (didn't bet)
Seat 6: pipinoelbreve9 folded before Flop (didn't bet)



PokerStars Zoom Hand #258218768198:  Hold'em No Limit (€0.05/€0.10) - 2025/10/22 11:51:51 CET [2025/10/22 5:51:51 ET]
Table 'Caph' 6-max Seat #1 is the button
Seat 1: Split2902 (€15.72 in chips) 
Seat 2: Andreahb1123 (€11.15 in chips) 
Seat 3: bibimott (€10.59 in chips) 
Seat 4: abirras83 (€9.05 in chips) 
Seat 5: 2Jm2 (€12.26 in chips) 
Seat 6: pipinoelbreve9 (€11.18 in chips) 
Andreahb1123: posts small blind €0.05
bibimott: posts big blind €0.10
*** HOLE CARDS ***
Dealt to pipinoelbreve9 [2d Td]
abirras83: raises €0.20 to €0.30
2Jm2: folds 
pipinoelbreve9: folds 
Split2902: folds 
Andreahb1123: folds 
bibimott: folds 
Uncalled bet (€0.20) returned to abirras83
abirras83 collected €0.25 from pot
abirras83: doesn't show hand 
*** SUMMARY ***
Total pot €0.25 | Rake €0 
Seat 1: Split2902 (button) folded before Flop (didn't bet)
Seat 2: Andreahb1123 (small blind) folded before Flop
Seat 3: bibimott (big blind) folded before Flop
Seat 4: abirras83 collected (€0.25)
Seat 5: 2Jm2 folded before Flop (didn't bet)
Seat 6: pipinoelbreve9 folded before Flop (didn't bet)



PokerStars Zoom Hand #258218767862:  Hold'em No Limit (€0.05/€0.10) - 2025/10/22 11:51:47 CET [2025/10/22 5:51:47 ET]
Table 'Caph' 6-max Seat #1 is the button
Seat 1: urbano1988 (€5.84 in chips) 
Seat 2: Andreahb1123 (€14.54 in chips) 
Seat 3: ramses31 (€10.10 in chips) 
Seat 4: pipinoelbreve9 (€11.18 in chips) 
Seat 5: watchme1shotyoy (€9.08 in chips) 
Seat 6: leobcn9 (€12.17 in chips) 
Andreahb1123: posts small blind €0.05
ramses31: posts big blind €0.10
*** HOLE CARDS ***
Dealt to pipinoelbreve9 [7s Ad]
pipinoelbreve9: folds 
watchme1shotyoy: folds 
leobcn9 is disconnected 
leobcn9 has timed out while disconnected
leobcn9: folds 
urbano1988: folds 
Andreahb1123: folds 
Uncalled bet (€0.05) returned to ramses31
ramses31 collected €0.10 from pot
ramses31: doesn't show hand 
*** SUMMARY ***
Total pot €0.10 | Rake €0 
Seat 1: urbano1988 (button) folded before Flop (didn't bet)
Seat 2: Andreahb1123 (small blind) folded before Flop
Seat 3: ramses31 (big blind) collected (€0.10)
Seat 4: pipinoelbreve9 folded before Flop (didn't bet)
Seat 5: watchme1shotyoy folded before Flop (didn't bet)
Seat 6: leobcn9 folded before Flop (didn't bet)



PokerStars Zoom Hand #258218768976:  Hold'em No Limit (€0.05/€0.10) - 2025/10/22 11:51:59 CET [2025/10/22 5:51:59 ET]
Table 'Caph' 6-max Seat #1 is the button
Seat 1: watchme1shotyoy (€9.08 in chips) 
Seat 2: NosoVinci (€5.78 in chips) 
Seat 3: pipinoelbreve9 (€11.18 in chips) 
Seat 4: abirras83 (€10.53 in chips) 
Seat 5: Andreahb1123 (€14.49 in chips) 
Seat 6: bibimott (€16.67 in chips) 
NosoVinci: posts small blind €0.05
pipinoelbreve9: posts big blind €0.10
*** HOLE CARDS ***
Dealt to pipinoelbreve9 [Kd Ah]
abirras83: folds 
Andreahb1123: folds 
bibimott: folds 
watchme1shotyoy: folds 
NosoVinci: folds 
Uncalled bet (€0.05) returned to pipinoelbreve9
pipinoelbreve9 collected €0.10 from pot
pipinoelbreve9: doesn't show hand 
*** SUMMARY ***
Total pot €0.10 | Rake €0 
Seat 1: watchme1shotyoy (button) folded before Flop (didn't bet)
Seat 2: NosoVinci (small blind) folded before Flop
Seat 3: pipinoelbreve9 (big blind) collected (€0.10)
Seat 4: abirras83 folded before Flop (didn't bet)
Seat 5: Andreahb1123 folded before Flop (didn't bet)
Seat 6: bibimott folded before Flop (didn't bet)



PokerStars Zoom Hand #258218771046:  Hold'em No Limit (€0.05/€0.10) - 2025/10/22 11:52:23 CET [2025/10/22 5:52:23 ET]
Table 'Caph' 6-max Seat #1 is the button
Seat 1: willywon221 (€12.74 in chips) 
Seat 2: Blue_Knight_3 (€6.68 in chips) 
Seat 3: bibimott (€16.67 in chips) 
Seat 4: nunorui (€17.17 in chips) 
Seat 5: pipinoelbreve9 (€11.18 in chips) 
Seat 6: peterpunkkkk (€11.38 in chips) 
Blue_Knight_3: posts small blind €0.05
bibimott: posts big blind €0.10
*** HOLE CARDS ***
Dealt to pipinoelbreve9 [2h Ah]
nunorui: raises €0.25 to €0.35
pipinoelbreve9: folds 
peterpunkkkk: folds 
willywon221: folds 
Blue_Knight_3: folds 
bibimott: folds 
Uncalled bet (€0.25) returned to nunorui
nunorui collected €0.25 from pot
nunorui: doesn't show hand 
*** SUMMARY ***
Total pot €0.25 | Rake €0 
Seat 1: willywon221 (button) folded before Flop (didn't bet)
Seat 2: Blue_Knight_3 (small blind) folded before Flop
Seat 3: bibimott (big blind) folded before Flop
Seat 4: nunorui collected (€0.25)
Seat 5: pipinoelbreve9 folded before Flop (didn't bet)
Seat 6: peterpunkkkk folded before Flop (didn't bet)



PokerStars Zoom Hand #258218770422:  Hold'em No Limit (€0.05/€0.10) - 2025/10/22 11:52:16 CET [2025/10/22 5:52:16 ET]
Table 'Caph' 6-max Seat #1 is the button
Seat 1: pipinoelbreve9 (€11.18 in chips) 
Seat 2: willywon221 (€11.91 in chips) 
Seat 3: unbalancedman (€11.85 in chips) 
Seat 4: cAllAnnie2 (€19.23 in chips) 
Seat 5: JRG244 (€11.94 in chips) 
Seat 6: jabago19 (€10 in chips) 
willywon221: posts small blind €0.05
unbalancedman: posts big blind €0.10
*** HOLE CARDS ***
Dealt to pipinoelbreve9 [5c 4c]
cAllAnnie2: raises €0.15 to €0.25
JRG244: calls €0.25
jabago19: folds 
pipinoelbreve9: folds 
willywon221: folds 
unbalancedman: folds 
*** FLOP *** [4s 4d Qh]
cAllAnnie2: checks 
JRG244: checks 
*** TURN *** [4s 4d Qh] [5d]
cAllAnnie2: checks 
JRG244: checks 
*** RIVER *** [4s 4d Qh 5d] [9c]
cAllAnnie2: checks 
JRG244: checks 
*** SHOW DOWN ***
cAllAnnie2: shows [Kh Th] (a pair of Fours)
JRG244: shows [As 8s] (a pair of Fours - Ace kicker)
JRG244 collected €0.62 from pot
*** SUMMARY ***
Total pot €0.65 | Rake €0.03 
Board [4s 4d Qh 5d 9c]
Seat 1: pipinoelbreve9 (button) folded before Flop (didn't bet)
Seat 2: willywon221 (small blind) folded before Flop
Seat 3: unbalancedman (big blind) folded before Flop
Seat 4: cAllAnnie2 showed [Kh Th] and lost with a pair of Fours
Seat 5: JRG244 showed [As 8s] and won (€0.62) with a pair of Fours
Seat 6: jabago19 folded before Flop (didn't bet)



PokerStars Zoom Hand #258218770195:  Hold'em No Limit (€0.05/€0.10) - 2025/10/22 11:52:13 CET [2025/10/22 5:52:13 ET]
Table 'Caph' 6-max Seat #1 is the button
Seat 1: ramses31 (€10.10 in chips) 
Seat 2: pipinoelbreve9 (€11.23 in chips) 
Seat 3: peterpunkkkk (€13.59 in chips) 
Seat 4: watchme1shotyoy (€9.08 in chips) 
Seat 5: Ferran1194 (€4.95 in chips) 
Seat 6: SauceConfiance (€14.31 in chips) 
pipinoelbreve9: posts small blind €0.05
peterpunkkkk: posts big blind €0.10
*** HOLE CARDS ***
Dealt to pipinoelbreve9 [2c Kd]
watchme1shotyoy: raises €0.13 to €0.23
Ferran1194: folds 
SauceConfiance: calls €0.23
ramses31: folds 
pipinoelbreve9: folds 
peterpunkkkk: calls €0.13
*** FLOP *** [Qh Td 9c]
peterpunkkkk: checks 
watchme1shotyoy: checks 
SauceConfiance: checks 
*** TURN *** [Qh Td 9c] [9d]
peterpunkkkk: checks 
watchme1shotyoy: checks 
SauceConfiance: checks 
*** RIVER *** [Qh Td 9c 9d] [6d]
peterpunkkkk: bets €0.53
watchme1shotyoy: raises €3.17 to €3.70
SauceConfiance: folds 
peterpunkkkk: calls €3.17
*** SHOW DOWN ***
watchme1shotyoy: shows [6s 6c] (a full house, Sixes full of Nines)
peterpunkkkk: mucks hand 
watchme1shotyoy collected €7.73 from pot
*** SUMMARY ***
Total pot €8.14 | Rake €0.41 
Board [Qh Td 9c 9d 6d]
Seat 1: ramses31 (button) folded before Flop (didn't bet)
Seat 2: pipinoelbreve9 (small blind) folded before Flop
Seat 3: peterpunkkkk (big blind) mucked [2d Ad]
Seat 4: watchme1shotyoy showed [6s 6c] and won (€7.73) with a full house, Sixes full of Nines
Seat 5: Ferran1194 folded before Flop (didn't bet)
Seat 6: SauceConfiance folded on the River



PokerStars Zoom Hand #258218771596:  Hold'em No Limit (€0.05/€0.10) - 2025/10/22 11:52:29 CET [2025/10/22 5:52:29 ET]
Table 'Caph' 6-max Seat #1 is the button
Seat 1: pipinoelbreve9 (€11.18 in chips) 
Seat 2: jabago19 (€13.68 in chips) 
Seat 3: willywon221 (€11.86 in chips) 
Seat 4: bibimott (€7.69 in chips) 
Seat 5: peterpunkkkk (€11.15 in chips) 
Seat 6: unbalancedman (€10.95 in chips) 
jabago19: posts small blind €0.05
willywon221: posts big blind €0.10
*** HOLE CARDS ***
Dealt to pipinoelbreve9 [Qh Qs]
bibimott: folds 
peterpunkkkk: raises €0.12 to €0.22
unbalancedman: folds 
pipinoelbreve9: calls €0.22
jabago19: folds 
willywon221: folds 
*** FLOP *** [Jd Tc 8s]
peterpunkkkk: bets €0.18
pipinoelbreve9: calls €0.18
*** TURN *** [Jd Tc 8s] [Kc]
peterpunkkkk: bets €0.68
pipinoelbreve9: calls €0.68
*** RIVER *** [Jd Tc 8s Kc] [Js]
peterpunkkkk: bets €0.72
pipinoelbreve9: calls €0.72
*** SHOW DOWN ***
peterpunkkkk: shows [7h 7s] (two pair, Jacks and Sevens)
pipinoelbreve9: shows [Qh Qs] (two pair, Queens and Jacks)
pipinoelbreve9 collected €3.56 from pot
*** SUMMARY ***
Total pot €3.75 | Rake €0.19 
Board [Jd Tc 8s Kc Js]
Seat 1: pipinoelbreve9 (button) showed [Qh Qs] and won (€3.56) with two pair, Queens and Jacks
Seat 2: jabago19 (small blind) folded before Flop
Seat 3: willywon221 (big blind) folded before Flop
Seat 4: bibimott folded before Flop (didn't bet)
Seat 5: peterpunkkkk showed [7h 7s] and lost with two pair, Jacks and Sevens
Seat 6: unbalancedman folded before Flop (didn't bet)



PokerStars Zoom Hand #258218775989:  Hold'em No Limit (€0.05/€0.10) - 2025/10/22 11:53:20 CET [2025/10/22 5:53:20 ET]
Table 'Caph' 6-max Seat #1 is the button
Seat 1: peterpunkkkk (€10 in chips) 
Seat 2: JRG244 (€12.51 in chips) 
Seat 3: Andreahb1123 (€12.33 in chips) 
Seat 4: ibic22 (€10.09 in chips) 
Seat 5: willywon221 (€11.71 in chips) 
Seat 6: pipinoelbreve9 (€12.94 in chips) 
JRG244: posts small blind €0.05
Andreahb1123: posts big blind €0.10
*** HOLE CARDS ***
Dealt to pipinoelbreve9 [Qc 5h]
ibic22: folds 
willywon221: folds 
pipinoelbreve9: folds 
peterpunkkkk: raises €0.15 to €0.25
JRG244: raises €0.95 to €1.20
Andreahb1123: folds 
peterpunkkkk: folds 
Uncalled bet (€0.95) returned to JRG244
JRG244 collected €0.60 from pot
JRG244: doesn't show hand 
*** SUMMARY ***
Total pot €0.60 | Rake €0 
Seat 1: peterpunkkkk (button) folded before Flop
Seat 2: JRG244 (small blind) collected (€0.60)
Seat 3: Andreahb1123 (big blind) folded before Flop
Seat 4: ibic22 folded before Flop (didn't bet)
Seat 5: willywon221 folded before Flop (didn't bet)
Seat 6: pipinoelbreve9 folded before Flop (didn't bet)



PokerStars Zoom Hand #258218777378:  Hold'em No Limit (€0.05/€0.10) - 2025/10/22 11:53:35 CET [2025/10/22 5:53:35 ET]
Table 'Caph' 6-max Seat #1 is the button
Seat 1: ibic22 (€14.03 in chips) 
Seat 2: pipinoelbreve9 (€12.84 in chips) 
Seat 3: bibimott (€7.29 in chips) 
Seat 4: motomoto17 (€5.85 in chips) 
Seat 5: Andreahb1123 (€27.38 in chips) 
Seat 6: SergioL4 (€10 in chips) 
pipinoelbreve9: posts small blind €0.05
bibimott: posts big blind €0.10
*** HOLE CARDS ***
Dealt to pipinoelbreve9 [4s 4c]
motomoto17: folds 
Andreahb1123: folds 
SergioL4: raises €0.15 to €0.25
ibic22: folds 
pipinoelbreve9: calls €0.20
bibimott: folds 
*** FLOP *** [9h 8h 9d]
pipinoelbreve9: checks 
SergioL4: bets €0.19
pipinoelbreve9: calls €0.19
*** TURN *** [9h 8h 9d] [Kc]
pipinoelbreve9: checks 
SergioL4: bets €0.62
pipinoelbreve9: folds 
Uncalled bet (€0.62) returned to SergioL4
SergioL4 collected €0.93 from pot
SergioL4: doesn't show hand 
*** SUMMARY ***
Total pot €0.98 | Rake €0.05 
Board [9h 8h 9d Kc]
Seat 1: ibic22 (button) folded before Flop (didn't bet)
Seat 2: pipinoelbreve9 (small blind) folded on the Turn
Seat 3: bibimott (big blind) folded before Flop
Seat 4: motomoto17 folded before Flop (didn't bet)
Seat 5: Andreahb1123 folded before Flop (didn't bet)
Seat 6: SergioL4 collected (€0.93)



PokerStars Zoom Hand #258218776354:  Hold'em No Limit (€0.05/€0.10) - 2025/10/22 11:53:24 CET [2025/10/22 5:53:24 ET]
Table 'Caph' 6-max Seat #1 is the button
Seat 1: AM Nab (€9.05 in chips) 
Seat 2: Arckira08 (€16.26 in chips) 
Seat 3: pipinoelbreve9 (€12.94 in chips) 
Seat 4: gregoss054 (€10.61 in chips) 
Seat 5: Gonzalit00 (€11.34 in chips) 
Seat 6: martine4839 (€10 in chips) 
Arckira08: posts small blind €0.05
pipinoelbreve9: posts big blind €0.10
*** HOLE CARDS ***
Dealt to pipinoelbreve9 [Ac 2s]
gregoss054: raises €0.15 to €0.25
Gonzalit00: raises €0.45 to €0.70
martine4839: folds 
AM Nab: calls €0.70
Arckira08: folds 
pipinoelbreve9: folds 
gregoss054: folds 
*** FLOP *** [8c 2h Ad]
Gonzalit00: bets €0.30
AM Nab: calls €0.30
*** TURN *** [8c 2h Ad] [8d]
Gonzalit00: checks 
AM Nab: checks 
*** RIVER *** [8c 2h Ad 8d] [3s]
Gonzalit00: bets €1.26
AM Nab: folds 
Uncalled bet (€1.26) returned to Gonzalit00
Gonzalit00 collected €2.28 from pot
Gonzalit00: doesn't show hand 
*** SUMMARY ***
Total pot €2.40 | Rake €0.12 
Board [8c 2h Ad 8d 3s]
Seat 1: AM Nab (button) folded on the River
Seat 2: Arckira08 (small blind) folded before Flop
Seat 3: pipinoelbreve9 (big blind) folded before Flop
Seat 4: gregoss054 folded before Flop
Seat 5: Gonzalit00 collected (€2.28)
Seat 6: martine4839 folded before Flop (didn't bet)



PokerStars Zoom Hand #258218781054:  Hold'em No Limit (€0.05/€0.10) - 2025/10/22 11:54:17 CET [2025/10/22 5:54:17 ET]
Table 'Caph' 6-max Seat #1 is the button
Seat 1: traelo (€10.81 in chips) 
Seat 2: bibimott (€10.09 in chips) 
Seat 3: martine4839 (€10 in chips) 
Seat 4: Ferran1194 (€8.63 in chips) 
Seat 5: jabago19 (€13.68 in chips) 
Seat 6: pipinoelbreve9 (€12.40 in chips) 
bibimott: posts small blind €0.05
martine4839: posts big blind €0.10
*** HOLE CARDS ***
Dealt to pipinoelbreve9 [7h 9s]
Ferran1194: folds 
jabago19: folds 
pipinoelbreve9: folds 
traelo: folds 
bibimott: folds 
Uncalled bet (€0.05) returned to martine4839
martine4839 collected €0.10 from pot
martine4839: doesn't show hand 
*** SUMMARY ***
Total pot €0.10 | Rake €0 
Seat 1: traelo (button) folded before Flop (didn't bet)
Seat 2: bibimott (small blind) folded before Flop
Seat 3: martine4839 (big blind) collected (€0.10)
Seat 4: Ferran1194 folded before Flop (didn't bet)
Seat 5: jabago19 folded before Flop (didn't bet)
Seat 6: pipinoelbreve9 folded before Flop (didn't bet)



PokerStars Zoom Hand #258218780750:  Hold'em No Limit (€0.05/€0.10) - 2025/10/22 11:54:14 CET [2025/10/22 5:54:14 ET]
Table 'Caph' 6-max Seat #1 is the button
Seat 1: JRG244 (€12.86 in chips) 
Seat 2: traelo (€10.86 in chips) 
Seat 3: Andreahb1123 (€27.38 in chips) 
Seat 4: 2Jm2 (€10.60 in chips) 
Seat 5: pipinoelbreve9 (€12.40 in chips) 
Seat 6: bibimott (€10.09 in chips) 
traelo: posts small blind €0.05
Andreahb1123: posts big blind €0.10
*** HOLE CARDS ***
Dealt to pipinoelbreve9 [Ad 4c]
2Jm2: folds 
pipinoelbreve9: folds 
bibimott: folds 
JRG244: raises €0.25 to €0.35
traelo: folds 
Andreahb1123: calls €0.25
*** FLOP *** [Kc Ks Qc]
Andreahb1123: checks 
JRG244: checks 
*** TURN *** [Kc Ks Qc] [Kd]
Andreahb1123: checks 
JRG244: checks 
*** RIVER *** [Kc Ks Qc Kd] [4h]
Andreahb1123: checks 
JRG244: checks 
*** SHOW DOWN ***
Andreahb1123: shows [7s 8s] (three of a kind, Kings)
JRG244: shows [Ac 4d] (a full house, Kings full of Fours)
JRG244 collected €0.71 from pot
*** SUMMARY ***
Total pot €0.75 | Rake €0.04 
Board [Kc Ks Qc Kd 4h]
Seat 1: JRG244 (button) showed [Ac 4d] and won (€0.71) with a full house, Kings full of Fours
Seat 2: traelo (small blind) folded before Flop
Seat 3: Andreahb1123 (big blind) showed [7s 8s] and lost with three of a kind, Kings
Seat 4: 2Jm2 folded before Flop (didn't bet)
Seat 5: pipinoelbreve9 folded before Flop (didn't bet)
Seat 6: bibimott folded before Flop (didn't bet)



PokerStars Zoom Hand #258218781370:  Hold'em No Limit (€0.05/€0.10) - 2025/10/22 11:54:20 CET [2025/10/22 5:54:20 ET]
Table 'Caph' 6-max Seat #1 is the button
Seat 1: 2Jm2 (€13.65 in chips) 
Seat 2: PraiaSolMar (€5.05 in chips) 
Seat 3: traelo (€10.81 in chips) 
Seat 4: pipinoelbreve9 (€12.40 in chips) 
Seat 5: MACEDO_TROFA (€9.49 in chips) 
Seat 6: willywon221 (€11.19 in chips) 
PraiaSolMar: posts small blind €0.05
traelo: posts big blind €0.10
*** HOLE CARDS ***
Dealt to pipinoelbreve9 [8c 8h]
pipinoelbreve9: raises €0.15 to €0.25
MACEDO_TROFA: folds 
willywon221: folds 
2Jm2: folds 
PraiaSolMar: calls €0.20
traelo: folds 
*** FLOP *** [3c 2c 7c]
PraiaSolMar: checks 
pipinoelbreve9: bets €0.19
PraiaSolMar: calls €0.19
*** TURN *** [3c 2c 7c] [6c]
PraiaSolMar: bets €0.30
pipinoelbreve9: calls €0.30
*** RIVER *** [3c 2c 7c 6c] [9c]
PraiaSolMar: bets €0.30
pipinoelbreve9: calls €0.30
*** SHOW DOWN ***
PraiaSolMar: shows [Qd Jc] (a flush, Jack high)
pipinoelbreve9: mucks hand 
PraiaSolMar collected €2.07 from pot
*** SUMMARY ***
Total pot €2.18 | Rake €0.11 
Board [3c 2c 7c 6c 9c]
Seat 1: 2Jm2 (button) folded before Flop (didn't bet)
Seat 2: PraiaSolMar (small blind) showed [Qd Jc] and won (€2.07) with a flush, Jack high
Seat 3: traelo (big blind) folded before Flop
Seat 4: pipinoelbreve9 mucked [8c 8h]
Seat 5: MACEDO_TROFA folded before Flop (didn't bet)
Seat 6: willywon221 folded before Flop (didn't bet)



PokerStars Zoom Hand #258218784034:  Hold'em No Limit (€0.05/€0.10) - 2025/10/22 11:54:50 CET [2025/10/22 5:54:50 ET]
Table 'Caph' 6-max Seat #1 is the button
Seat 1: peterpunkkkk (€11.78 in chips) 
Seat 2: caspita295 (€9.82 in chips) 
Seat 3: pipinoelbreve9 (€11.36 in chips) 
Seat 4: PraiaSolMar (€6.08 in chips) 
Seat 5: martine4839 (€10.05 in chips) 
Seat 6: Andreahb1123 (€10.94 in chips) 
caspita295: posts small blind €0.05
pipinoelbreve9: posts big blind €0.10
*** HOLE CARDS ***
Dealt to pipinoelbreve9 [Jd 6h]
PraiaSolMar is disconnected 
PraiaSolMar has timed out while disconnected
PraiaSolMar: folds 
martine4839: raises €0.13 to €0.23
Andreahb1123: raises €0.47 to €0.70
peterpunkkkk: folds 
caspita295: folds 
pipinoelbreve9: folds 
martine4839: folds 
Uncalled bet (€0.47) returned to Andreahb1123
Andreahb1123 collected €0.61 from pot
Andreahb1123: doesn't show hand 
*** SUMMARY ***
Total pot €0.61 | Rake €0 
Seat 1: peterpunkkkk (button) folded before Flop (didn't bet)
Seat 2: caspita295 (small blind) folded before Flop
Seat 3: pipinoelbreve9 (big blind) folded before Flop
Seat 4: PraiaSolMar folded before Flop (didn't bet)
Seat 5: martine4839 folded before Flop
Seat 6: Andreahb1123 collected (€0.61)



PokerStars Zoom Hand #258218785801:  Hold'em No Limit (€0.05/€0.10) - 2025/10/22 11:55:11 CET [2025/10/22 5:55:11 ET]
Table 'Caph' 6-max Seat #1 is the button
Seat 1: thedyas (€7.46 in chips) 
Seat 2: pipinoelbreve9 (€11.26 in chips) 
Seat 3: willywon221 (€15.16 in chips) 
Seat 4: unbalancedman (€12.84 in chips) 
Seat 5: bibimott (€9.94 in chips) 
Seat 6: SergioL4 (€11.98 in chips) 
pipinoelbreve9: posts small blind €0.05
willywon221: posts big blind €0.10
*** HOLE CARDS ***
Dealt to pipinoelbreve9 [4d 7c]
unbalancedman: folds 
bibimott: folds 
SergioL4: folds 
thedyas: folds 
pipinoelbreve9: folds 
Uncalled bet (€0.05) returned to willywon221
willywon221 collected €0.10 from pot
willywon221: doesn't show hand 
*** SUMMARY ***
Total pot €0.10 | Rake €0 
Seat 1: thedyas (button) folded before Flop (didn't bet)
Seat 2: pipinoelbreve9 (small blind) folded before Flop
Seat 3: willywon221 (big blind) collected (€0.10)
Seat 4: unbalancedman folded before Flop (didn't bet)
Seat 5: bibimott folded before Flop (didn't bet)
Seat 6: SergioL4 folded before Flop (didn't bet)



PokerStars Zoom Hand #258218785319:  Hold'em No Limit (€0.05/€0.10) - 2025/10/22 11:55:04 CET [2025/10/22 5:55:04 ET]
Table 'Caph' 6-max Seat #1 is the button
Seat 1: pipinoelbreve9 (€11.26 in chips) 
Seat 2: ramses31 (€9.40 in chips) 
Seat 3: motomoto17 (€5.51 in chips) 
Seat 4: Split2902 (€22.59 in chips) 
Seat 5: bibimott (€6.03 in chips) 
Seat 6: Blue_Knight_3 (€7.56 in chips) 
ramses31: posts small blind €0.05
motomoto17: posts big blind €0.10
*** HOLE CARDS ***
Dealt to pipinoelbreve9 [Th 4h]
Split2902: folds 
bibimott: raises €0.20 to €0.30
Blue_Knight_3: folds 
pipinoelbreve9: folds 
ramses31: calls €0.25
motomoto17: folds 
*** FLOP *** [2d 2s Tc]
ramses31: checks 
bibimott: checks 
*** TURN *** [2d 2s Tc] [Ad]
ramses31: checks 
bibimott: bets €0.33
ramses31: folds 
Uncalled bet (€0.33) returned to bibimott
bibimott collected €0.66 from pot
bibimott: doesn't show hand 
*** SUMMARY ***
Total pot €0.70 | Rake €0.04 
Board [2d 2s Tc Ad]
Seat 1: pipinoelbreve9 (button) folded before Flop (didn't bet)
Seat 2: ramses31 (small blind) folded on the Turn
Seat 3: motomoto17 (big blind) folded before Flop
Seat 4: Split2902 folded before Flop (didn't bet)
Seat 5: bibimott collected (€0.66)
Seat 6: Blue_Knight_3 folded before Flop (didn't bet)



PokerStars Zoom Hand #258218786728:  Hold'em No Limit (€0.05/€0.10) - 2025/10/22 11:55:24 CET [2025/10/22 5:55:24 ET]
Table 'Caph' 6-max Seat #1 is the button
Seat 1: ramses31 (€9.10 in chips) 
Seat 2: peterpunkkkk (€10.48 in chips) 
Seat 3: bibimott (€9.89 in chips) 
Seat 4: willywon221 (€15.21 in chips) 
Seat 5: Andreahb1123 (€11.32 in chips) 
Seat 6: pipinoelbreve9 (€11.21 in chips) 
peterpunkkkk: posts small blind €0.05
bibimott: posts big blind €0.10
*** HOLE CARDS ***
Dealt to pipinoelbreve9 [3c 4s]
willywon221: folds 
Andreahb1123: folds 
pipinoelbreve9: folds 
ramses31: raises €0.20 to €0.30
peterpunkkkk: folds 
bibimott: folds 
Uncalled bet (€0.20) returned to ramses31
ramses31 collected €0.25 from pot
ramses31: doesn't show hand 
*** SUMMARY ***
Total pot €0.25 | Rake €0 
Seat 1: ramses31 (button) collected (€0.25)
Seat 2: peterpunkkkk (small blind) folded before Flop
Seat 3: bibimott (big blind) folded before Flop
Seat 4: willywon221 folded before Flop (didn't bet)
Seat 5: Andreahb1123 folded before Flop (didn't bet)
Seat 6: pipinoelbreve9 folded before Flop (didn't bet)



PokerStars Zoom Hand #258218786956:  Hold'em No Limit (€0.05/€0.10) - 2025/10/22 11:55:27 CET [2025/10/22 5:55:27 ET]
Table 'Caph' 6-max Seat #1 is the button
Seat 1: NosoVinci (€5.35 in chips) 
Seat 2: traelo (€10.94 in chips) 
Seat 3: abirras83 (€8.45 in chips) 
Seat 4: pipinoelbreve9 (€11.21 in chips) 
Seat 5: etimo199 (€4.33 in chips) 
Seat 6: PraiaSolMar (€6.08 in chips) 
traelo: posts small blind €0.05
abirras83: posts big blind €0.10
*** HOLE CARDS ***
Dealt to pipinoelbreve9 [8c 9c]
pipinoelbreve9: raises €0.15 to €0.25
etimo199: folds 
PraiaSolMar is disconnected 
PraiaSolMar has timed out while disconnected
PraiaSolMar: folds 
NosoVinci: folds 
traelo: folds 
abirras83: folds 
Uncalled bet (€0.15) returned to pipinoelbreve9
pipinoelbreve9 collected €0.25 from pot
pipinoelbreve9: doesn't show hand 
*** SUMMARY ***
Total pot €0.25 | Rake €0 
Seat 1: NosoVinci (button) folded before Flop (didn't bet)
Seat 2: traelo (small blind) folded before Flop
Seat 3: abirras83 (big blind) folded before Flop
Seat 4: pipinoelbreve9 collected (€0.25)
Seat 5: etimo199 folded before Flop (didn't bet)
Seat 6: PraiaSolMar folded before Flop (didn't bet)



PokerStars Zoom Hand #258218786540:  Hold'em No Limit (€0.05/€0.10) - 2025/10/22 11:55:21 CET [2025/10/22 5:55:21 ET]
Table 'Caph' 6-max Seat #1 is the button
Seat 1: watchme1shotyoy (€13.72 in chips) 
Seat 2: martine4839 (€10 in chips) 
Seat 3: Andreahb1123 (€26.98 in chips) 
Seat 4: willywon221 (€10.69 in chips) 
Seat 5: pipinoelbreve9 (€11.21 in chips) 
Seat 6: caspita295 (€9.77 in chips) 
martine4839: posts small blind €0.05
Andreahb1123: posts big blind €0.10
*** HOLE CARDS ***
Dealt to pipinoelbreve9 [9c Kh]
willywon221: folds 
pipinoelbreve9: folds 
caspita295: raises €0.15 to €0.25
watchme1shotyoy: calls €0.25
martine4839: folds 
Andreahb1123: folds 
*** FLOP *** [2h 8h 7s]
caspita295: checks 
watchme1shotyoy: checks 
*** TURN *** [2h 8h 7s] [6c]
caspita295: checks 
watchme1shotyoy: checks 
*** RIVER *** [2h 8h 7s 6c] [7d]
caspita295: bets €0.62
watchme1shotyoy: folds 
Uncalled bet (€0.62) returned to caspita295
caspita295 collected €0.62 from pot
caspita295: doesn't show hand 
*** SUMMARY ***
Total pot €0.65 | Rake €0.03 
Board [2h 8h 7s 6c 7d]
Seat 1: watchme1shotyoy (button) folded on the River
Seat 2: martine4839 (small blind) folded before Flop
Seat 3: Andreahb1123 (big blind) folded before Flop
Seat 4: willywon221 folded before Flop (didn't bet)
Seat 5: pipinoelbreve9 folded before Flop (didn't bet)
Seat 6: caspita295 collected (€0.62)



PokerStars Zoom Hand #258218788745:  Hold'em No Limit (€0.05/€0.10) - 2025/10/22 11:55:51 CET [2025/10/22 5:55:51 ET]
Table 'Caph' 6-max Seat #1 is the button
Seat 1: LUISFIMURIEL (€10.23 in chips) 
Seat 2: leobcn9 (€10 in chips) 
Seat 3: pipinoelbreve9 (€11.36 in chips) 
Seat 4: traelo (€10.94 in chips) 
Seat 5: motomoto17 (€5.26 in chips) 
Seat 6: Andreahb1123 (€12.63 in chips) 
leobcn9: posts small blind €0.05
pipinoelbreve9: posts big blind €0.10
*** HOLE CARDS ***
Dealt to pipinoelbreve9 [8d 6s]
traelo: folds 
motomoto17: folds 
Andreahb1123: raises €0.10 to €0.20
LUISFIMURIEL: folds 
leobcn9: raises €0.70 to €0.90
pipinoelbreve9: folds 
Andreahb1123: folds 
Uncalled bet (€0.70) returned to leobcn9
leobcn9 collected €0.50 from pot
leobcn9: doesn't show hand 
*** SUMMARY ***
Total pot €0.50 | Rake €0 
Seat 1: LUISFIMURIEL (button) folded before Flop (didn't bet)
Seat 2: leobcn9 (small blind) collected (€0.50)
Seat 3: pipinoelbreve9 (big blind) folded before Flop
Seat 4: traelo folded before Flop (didn't bet)
Seat 5: motomoto17 folded before Flop (didn't bet)
Seat 6: Andreahb1123 folded before Flop



PokerStars Zoom Hand #258218786292:  Hold'em No Limit (€0.05/€0.10) - 2025/10/22 11:55:18 CET [2025/10/22 5:55:18 ET]
Table 'Caph' 6-max Seat #1 is the button
Seat 1: 2Jm2 (€31.15 in chips) 
Seat 2: bibimott (€9.94 in chips) 
Seat 3: Split2902 (€22.54 in chips) 
Seat 4: SauceConfiance (€14.29 in chips) 
Seat 5: pipinoelbreve9 (€11.21 in chips) 
Seat 6: thedyas (€7.46 in chips) 
bibimott: posts small blind €0.05
Split2902: posts big blind €0.10
*** HOLE CARDS ***
Dealt to pipinoelbreve9 [5c 7d]
SauceConfiance: folds 
pipinoelbreve9: folds 
thedyas: folds 
2Jm2: raises €0.15 to €0.25
bibimott: folds 
Split2902: calls €0.15
*** FLOP *** [7h 3s 5s]
Split2902: checks 
2Jm2: checks 
*** TURN *** [7h 3s 5s] [Th]
Split2902: checks 
2Jm2: bets €0.76
Split2902: folds 
Uncalled bet (€0.76) returned to 2Jm2
2Jm2 collected €0.52 from pot
2Jm2: doesn't show hand 
*** SUMMARY ***
Total pot €0.55 | Rake €0.03 
Board [7h 3s 5s Th]
Seat 1: 2Jm2 (button) collected (€0.52)
Seat 2: bibimott (small blind) folded before Flop
Seat 3: Split2902 (big blind) folded on the Turn
Seat 4: SauceConfiance folded before Flop (didn't bet)
Seat 5: pipinoelbreve9 folded before Flop (didn't bet)
Seat 6: thedyas folded before Flop (didn't bet)



PokerStars Zoom Hand #258218789095:  Hold'em No Limit (€0.05/€0.10) - 2025/10/22 11:55:56 CET [2025/10/22 5:55:56 ET]
Table 'Caph' 6-max Seat #1 is the button
Seat 1: pipinoelbreve9 (€11.26 in chips) 
Seat 2: PraiaSolMar (€5.05 in chips) 
Seat 3: LUISFIMURIEL (€10.23 in chips) 
Seat 4: SergioL4 (€11.73 in chips) 
Seat 5: ibic22 (€10.05 in chips) 
Seat 6: traelo (€10.94 in chips) 
PraiaSolMar: posts small blind €0.05
LUISFIMURIEL: posts big blind €0.10
*** HOLE CARDS ***
Dealt to pipinoelbreve9 [3s Qs]
SergioL4: folds 
ibic22: folds 
traelo: folds 
pipinoelbreve9: raises €0.15 to €0.25
PraiaSolMar: calls €0.20
LUISFIMURIEL: folds 
*** FLOP *** [8h 4c Jc]
PraiaSolMar: checks 
pipinoelbreve9: checks 
*** TURN *** [8h 4c Jc] [Js]
PraiaSolMar: bets €0.20
pipinoelbreve9: calls €0.20
*** RIVER *** [8h 4c Jc Js] [Td]
PraiaSolMar: checks 
pipinoelbreve9: bets €0.70
PraiaSolMar: folds 
Uncalled bet (€0.70) returned to pipinoelbreve9
pipinoelbreve9 collected €0.95 from pot
pipinoelbreve9: doesn't show hand 
*** SUMMARY ***
Total pot €1 | Rake €0.05 
Board [8h 4c Jc Js Td]
Seat 1: pipinoelbreve9 (button) collected (€0.95)
Seat 2: PraiaSolMar (small blind) folded on the River
Seat 3: LUISFIMURIEL (big blind) folded before Flop
Seat 4: SergioL4 folded before Flop (didn't bet)
Seat 5: ibic22 folded before Flop (didn't bet)
Seat 6: traelo folded before Flop (didn't bet)



PokerStars Zoom Hand #258218794368:  Hold'em No Limit (€0.05/€0.10) - 2025/10/22 11:57:06 CET [2025/10/22 5:57:06 ET]
Table 'Caph' 6-max Seat #1 is the button
Seat 1: willywon221 (€12.54 in chips) 
Seat 2: 2Jm2 (€10.38 in chips) 
Seat 3: Ferran1194 (€8.98 in chips) 
Seat 4: jabago19 (€14.26 in chips) 
Seat 5: pipinoelbreve9 (€11.76 in chips) 
Seat 6: SergioL4 (€12.01 in chips) 
2Jm2: posts small blind €0.05
Ferran1194: posts big blind €0.10
*** HOLE CARDS ***
Dealt to pipinoelbreve9 [Ah 2s]
jabago19: folds 
pipinoelbreve9: folds 
SergioL4: raises €0.15 to €0.25
willywon221: folds 
2Jm2: raises €0.85 to €1.10
Ferran1194: folds 
SergioL4: folds 
Uncalled bet (€0.85) returned to 2Jm2
2Jm2 collected €0.60 from pot
2Jm2: doesn't show hand 
*** SUMMARY ***
Total pot €0.60 | Rake €0 
Seat 1: willywon221 (button) folded before Flop (didn't bet)
Seat 2: 2Jm2 (small blind) collected (€0.60)
Seat 3: Ferran1194 (big blind) folded before Flop
Seat 4: jabago19 folded before Flop (didn't bet)
Seat 5: pipinoelbreve9 folded before Flop (didn't bet)
Seat 6: SergioL4 folded before Flop



PokerStars Zoom Hand #258218795381:  Hold'em No Limit (€0.05/€0.10) - 2025/10/22 11:57:19 CET [2025/10/22 5:57:19 ET]
Table 'Caph' 6-max Seat #1 is the button
Seat 1: SergioL4 (€12.89 in chips) 
Seat 2: jabago19 (€10 in chips) 
Seat 3: pipinoelbreve9 (€11.71 in chips) 
Seat 4: Split2902 (€14.15 in chips) 
Seat 5: cAllAnnie2 (€10.05 in chips) 
Seat 6: traelo (€11.04 in chips) 
jabago19: posts small blind €0.05
pipinoelbreve9: posts big blind €0.10
*** HOLE CARDS ***
Dealt to pipinoelbreve9 [Ah 8h]
Split2902: raises €0.15 to €0.25
cAllAnnie2: folds 
traelo: folds 
SergioL4: folds 
jabago19: folds 
pipinoelbreve9: calls €0.15
*** FLOP *** [5h 6c 8s]
pipinoelbreve9: checks 
Split2902: checks 
*** TURN *** [5h 6c 8s] [2s]
pipinoelbreve9: bets €0.34
Split2902: folds 
Uncalled bet (€0.34) returned to pipinoelbreve9
pipinoelbreve9 collected €0.52 from pot
pipinoelbreve9: doesn't show hand 
*** SUMMARY ***
Total pot €0.55 | Rake €0.03 
Board [5h 6c 8s 2s]
Seat 1: SergioL4 (button) folded before Flop (didn't bet)
Seat 2: jabago19 (small blind) folded before Flop
Seat 3: pipinoelbreve9 (big blind) collected (€0.52)
Seat 4: Split2902 folded on the Turn
Seat 5: cAllAnnie2 folded before Flop (didn't bet)
Seat 6: traelo folded before Flop (didn't bet)



PokerStars Zoom Hand #258218794879:  Hold'em No Limit (€0.05/€0.10) - 2025/10/22 11:57:12 CET [2025/10/22 5:57:12 ET]
Table 'Caph' 6-max Seat #1 is the button
Seat 1: unbalancedman (€14.08 in chips) 
Seat 2: pipinoelbreve9 (€11.76 in chips) 
Seat 3: motomoto17 (€5.73 in chips) 
Seat 4: Andreahb1123 (€12.33 in chips) 
Seat 5: SauceConfiance (€14.14 in chips) 
Seat 6: cAllAnnie2 (€10.05 in chips) 
pipinoelbreve9: posts small blind €0.05
motomoto17: posts big blind €0.10
*** HOLE CARDS ***
Dealt to pipinoelbreve9 [5d 2h]
Andreahb1123: folds 
SauceConfiance: folds 
cAllAnnie2: folds 
unbalancedman: raises €0.20 to €0.30
pipinoelbreve9: folds 
motomoto17: calls €0.20
*** FLOP *** [Kc Td Ah]
motomoto17: checks 
unbalancedman: bets €0.20
motomoto17: folds 
Uncalled bet (€0.20) returned to unbalancedman
unbalancedman collected €0.62 from pot
unbalancedman: doesn't show hand 
*** SUMMARY ***
Total pot €0.65 | Rake €0.03 
Board [Kc Td Ah]
Seat 1: unbalancedman (button) collected (€0.62)
Seat 2: pipinoelbreve9 (small blind) folded before Flop
Seat 3: motomoto17 (big blind) folded on the Flop
Seat 4: Andreahb1123 folded before Flop (didn't bet)
Seat 5: SauceConfiance folded before Flop (didn't bet)
Seat 6: cAllAnnie2 folded before Flop (didn't bet)



PokerStars Zoom Hand #258218797415:  Hold'em No Limit (€0.05/€0.10) - 2025/10/22 11:57:46 CET [2025/10/22 5:57:46 ET]
Table 'Caph' 6-max Seat #1 is the button
Seat 1: pipinoelbreve9 (€11.98 in chips) 
Seat 2: leobcn9 (€10.59 in chips) 
Seat 3: jabago19 (€10 in chips) 
Seat 4: bibimott (€18.61 in chips) 
Seat 5: caspita295 (€10.14 in chips) 
Seat 6: TurtlebroMX (€11.11 in chips) 
leobcn9: posts small blind €0.05
jabago19: posts big blind €0.10
*** HOLE CARDS ***
Dealt to pipinoelbreve9 [2h 4c]
bibimott: folds 
caspita295: raises €0.15 to €0.25
TurtlebroMX: raises €0.35 to €0.60
pipinoelbreve9: folds 
leobcn9: folds 
jabago19: folds 
caspita295: folds 
Uncalled bet (€0.35) returned to TurtlebroMX
TurtlebroMX collected €0.65 from pot
TurtlebroMX: doesn't show hand 
*** SUMMARY ***
Total pot €0.65 | Rake €0 
Seat 1: pipinoelbreve9 (button) folded before Flop (didn't bet)
Seat 2: leobcn9 (small blind) folded before Flop
Seat 3: jabago19 (big blind) folded before Flop
Seat 4: bibimott folded before Flop (didn't bet)
Seat 5: caspita295 folded before Flop
Seat 6: TurtlebroMX collected (€0.65)



PokerStars Zoom Hand #258218797709:  Hold'em No Limit (€0.05/€0.10) - 2025/10/22 11:57:50 CET [2025/10/22 5:57:50 ET]
Table 'Caph' 6-max Seat #1 is the button
Seat 1: Split2902 (€22.39 in chips) 
Seat 2: AndrezzoXPTO (€9.98 in chips) 
Seat 3: bibimott (€5.42 in chips) 
Seat 4: leobcn9 (€10.54 in chips) 
Seat 5: Sachagozal8 (€11.03 in chips) 
Seat 6: pipinoelbreve9 (€11.98 in chips) 
AndrezzoXPTO: posts small blind €0.05
bibimott: posts big blind €0.10
*** HOLE CARDS ***
Dealt to pipinoelbreve9 [8c As]
leobcn9: folds 
Sachagozal8: raises €0.30 to €0.40
pipinoelbreve9: folds 
Split2902: folds 
AndrezzoXPTO: folds 
bibimott: folds 
Uncalled bet (€0.30) returned to Sachagozal8
Sachagozal8 collected €0.25 from pot
Sachagozal8: doesn't show hand 
*** SUMMARY ***
Total pot €0.25 | Rake €0 
Seat 1: Split2902 (button) folded before Flop (didn't bet)
Seat 2: AndrezzoXPTO (small blind) folded before Flop
Seat 3: bibimott (big blind) folded before Flop
Seat 4: leobcn9 folded before Flop (didn't bet)
Seat 5: Sachagozal8 collected (€0.25)
Seat 6: pipinoelbreve9 folded before Flop (didn't bet)



PokerStars Zoom Hand #258218798268:  Hold'em No Limit (€0.05/€0.10) - 2025/10/22 11:57:56 CET [2025/10/22 5:57:56 ET]
Table 'Caph' 6-max Seat #1 is the button
Seat 1: Andreahb1123 (€11.43 in chips) 
Seat 2: unbalancedman (€14.41 in chips) 
Seat 3: thedyas (€7.14 in chips) 
Seat 4: motomoto17 (€5.38 in chips) 
Seat 5: pipinoelbreve9 (€11.98 in chips) 
Seat 6: 2Jm2 (€10.38 in chips) 
unbalancedman: posts small blind €0.05
thedyas: posts big blind €0.10
*** HOLE CARDS ***
Dealt to pipinoelbreve9 [3d 7h]
motomoto17: folds 
pipinoelbreve9: folds 
2Jm2: folds 
Andreahb1123: folds 
unbalancedman: folds 
Uncalled bet (€0.05) returned to thedyas
thedyas collected €0.10 from pot
thedyas: doesn't show hand 
*** SUMMARY ***
Total pot €0.10 | Rake €0 
Seat 1: Andreahb1123 (button) folded before Flop (didn't bet)
Seat 2: unbalancedman (small blind) folded before Flop
Seat 3: thedyas (big blind) collected (€0.10)
Seat 4: motomoto17 folded before Flop (didn't bet)
Seat 5: pipinoelbreve9 folded before Flop (didn't bet)
Seat 6: 2Jm2 folded before Flop (didn't bet)



PokerStars Zoom Hand #258218798788:  Hold'em No Limit (€0.05/€0.10) - 2025/10/22 11:58:04 CET [2025/10/22 5:58:04 ET]
Table 'Caph' 6-max Seat #1 is the button
Seat 1: bibimott (€18.46 in chips) 
Seat 2: urbano1988 (€5.05 in chips) 
Seat 3: caspita295 (€9.89 in chips) 
Seat 4: pipinoelbreve9 (€11.98 in chips) 
Seat 5: 2Jm2 (€10.38 in chips) 
Seat 6: ramses31 (€9.60 in chips) 
urbano1988: posts small blind €0.05
caspita295: posts big blind €0.10
*** HOLE CARDS ***
Dealt to pipinoelbreve9 [Ks As]
pipinoelbreve9: raises €0.15 to €0.25
2Jm2: folds 
ramses31: folds 
bibimott: folds 
urbano1988: folds 
caspita295: folds 
Uncalled bet (€0.15) returned to pipinoelbreve9
pipinoelbreve9 collected €0.25 from pot
pipinoelbreve9: doesn't show hand 
*** SUMMARY ***
Total pot €0.25 | Rake €0 
Seat 1: bibimott (button) folded before Flop (didn't bet)
Seat 2: urbano1988 (small blind) folded before Flop
Seat 3: caspita295 (big blind) folded before Flop
Seat 4: pipinoelbreve9 collected (€0.25)
Seat 5: 2Jm2 folded before Flop (didn't bet)
Seat 6: ramses31 folded before Flop (didn't bet)



PokerStars Zoom Hand #258218798538:  Hold'em No Limit (€0.05/€0.10) - 2025/10/22 11:58:00 CET [2025/10/22 5:58:00 ET]
Table 'Caph' 6-max Seat #1 is the button
Seat 1: Blue_Knight_3 (€7.78 in chips) 
Seat 2: LUISFIMURIEL (€10.13 in chips) 
Seat 3: 2Jm2 (€31.37 in chips) 
Seat 4: pipinoelbreve9 (€11.98 in chips) 
Seat 5: Andreahb1123 (€15.67 in chips) 
Seat 6: duarte197171 (€6.24 in chips) 
LUISFIMURIEL: posts small blind €0.05
2Jm2: posts big blind €0.10
*** HOLE CARDS ***
Dealt to pipinoelbreve9 [4s 6h]
pipinoelbreve9: folds 
Andreahb1123: folds 
duarte197171: folds 
Blue_Knight_3: raises €0.15 to €0.25
LUISFIMURIEL: calls €0.20
2Jm2: folds 
*** FLOP *** [As Kc 8s]
LUISFIMURIEL: checks 
Blue_Knight_3: bets €0.29
LUISFIMURIEL: calls €0.29
*** TURN *** [As Kc 8s] [7d]
LUISFIMURIEL: checks 
Blue_Knight_3: bets €0.56
LUISFIMURIEL: folds 
Uncalled bet (€0.56) returned to Blue_Knight_3
Blue_Knight_3 collected €1.12 from pot
Blue_Knight_3: doesn't show hand 
*** SUMMARY ***
Total pot €1.18 | Rake €0.06 
Board [As Kc 8s 7d]
Seat 1: Blue_Knight_3 (button) collected (€1.12)
Seat 2: LUISFIMURIEL (small blind) folded on the Turn
Seat 3: 2Jm2 (big blind) folded before Flop
Seat 4: pipinoelbreve9 folded before Flop (didn't bet)
Seat 5: Andreahb1123 folded before Flop (didn't bet)
Seat 6: duarte197171 folded before Flop (didn't bet)



PokerStars Zoom Hand #258218799487:  Hold'em No Limit (€0.05/€0.10) - 2025/10/22 11:58:13 CET [2025/10/22 5:58:13 ET]
Table 'Caph' 6-max Seat #1 is the button
Seat 1: Ferran1194 (€10.35 in chips) 
Seat 2: pipinoelbreve9 (€12.13 in chips) 
Seat 3: Deepyos (€6.92 in chips) 
Seat 4: duarte197171 (€6.19 in chips) 
Seat 5: 2Jm2 (€14.17 in chips) 
Seat 6: willywon221 (€14.66 in chips) 
pipinoelbreve9: posts small blind €0.05
Deepyos: posts big blind €0.10
*** HOLE CARDS ***
Dealt to pipinoelbreve9 [Jc 6c]
duarte197171: calls €0.10
2Jm2: folds 
willywon221: folds 
Ferran1194: folds 
pipinoelbreve9: raises €0.40 to €0.50
Deepyos: folds 
duarte197171: calls €0.40
*** FLOP *** [Ts 9d Kc]
pipinoelbreve9: bets €0.34
duarte197171: raises €5.35 to €5.69 and is all-in
pipinoelbreve9: folds 
Uncalled bet (€5.35) returned to duarte197171
duarte197171 collected €1.69 from pot
duarte197171: doesn't show hand 
*** SUMMARY ***
Total pot €1.78 | Rake €0.09 
Board [Ts 9d Kc]
Seat 1: Ferran1194 (button) folded before Flop (didn't bet)
Seat 2: pipinoelbreve9 (small blind) folded on the Flop
Seat 3: Deepyos (big blind) folded before Flop
Seat 4: duarte197171 collected (€1.69)
Seat 5: 2Jm2 folded before Flop (didn't bet)
Seat 6: willywon221 folded before Flop (didn't bet)



PokerStars Zoom Hand #258218802285:  Hold'em No Limit (€0.05/€0.10) - 2025/10/22 11:58:50 CET [2025/10/22 5:58:50 ET]
Table 'Caph' 6-max Seat #1 is the button
Seat 1: pipinoelbreve9 (€11.29 in chips) 
Seat 2: cAllAnnie2 (€18.10 in chips) 
Seat 3: Betsuave (€10 in chips) 
Seat 4: AndrezzoXPTO (€9.73 in chips) 
Seat 5: Blue_Knight_3 (€8.26 in chips) 
Seat 6: Split2902 (€14 in chips) 
cAllAnnie2: posts small blind €0.05
Betsuave: posts big blind €0.10
*** HOLE CARDS ***
Dealt to pipinoelbreve9 [Jc 3s]
AndrezzoXPTO: folds 
Blue_Knight_3: folds 
Split2902: folds 
pipinoelbreve9: folds 
cAllAnnie2: folds 
Uncalled bet (€0.05) returned to Betsuave
Betsuave collected €0.10 from pot
Betsuave: doesn't show hand 
*** SUMMARY ***
Total pot €0.10 | Rake €0 
Seat 1: pipinoelbreve9 (button) folded before Flop (didn't bet)
Seat 2: cAllAnnie2 (small blind) folded before Flop
Seat 3: Betsuave (big blind) collected (€0.10)
Seat 4: AndrezzoXPTO folded before Flop (didn't bet)
Seat 5: Blue_Knight_3 folded before Flop (didn't bet)
Seat 6: Split2902 folded before Flop (didn't bet)



PokerStars Zoom Hand #258218802510:  Hold'em No Limit (€0.05/€0.10) - 2025/10/22 11:58:53 CET [2025/10/22 5:58:53 ET]
Table 'Caph' 6-max Seat #1 is the button
Seat 1: LeDom66 (€10.10 in chips) 
Seat 2: Sachagozal8 (€11.95 in chips) 
Seat 3: pipinoelbreve9 (€11.29 in chips) 
Seat 4: LUISFIMURIEL (€9.59 in chips) 
Seat 5: urbano1988 (€5 in chips) 
Seat 6: Ferran1194 (€10.07 in chips) 
Sachagozal8: posts small blind €0.05
pipinoelbreve9: posts big blind €0.10
*** HOLE CARDS ***
Dealt to pipinoelbreve9 [Jd Ad]
LUISFIMURIEL: folds 
urbano1988: folds 
Ferran1194: folds 
LeDom66: folds 
Sachagozal8: calls €0.05
pipinoelbreve9: raises €0.40 to €0.50
Sachagozal8: folds 
Uncalled bet (€0.40) returned to pipinoelbreve9
pipinoelbreve9 collected €0.20 from pot
pipinoelbreve9: doesn't show hand 
*** SUMMARY ***
Total pot €0.20 | Rake €0 
Seat 1: LeDom66 (button) folded before Flop (didn't bet)
Seat 2: Sachagozal8 (small blind) folded before Flop
Seat 3: pipinoelbreve9 (big blind) collected (€0.20)
Seat 4: LUISFIMURIEL folded before Flop (didn't bet)
Seat 5: urbano1988 folded before Flop (didn't bet)
Seat 6: Ferran1194 folded before Flop (didn't bet)



PokerStars Zoom Hand #258218803753:  Hold'em No Limit (€0.05/€0.10) - 2025/10/22 11:59:09 CET [2025/10/22 5:59:09 ET]
Table 'Caph' 6-max Seat #1 is the button
Seat 1: bibimott (€5.17 in chips) 
Seat 2: martine4839 (€10.25 in chips) 
Seat 3: Blue_Knight_3 (€8.21 in chips) 
Seat 4: unbalancedman (€14.40 in chips) 
Seat 5: MrBeleko (€9.70 in chips) 
Seat 6: pipinoelbreve9 (€11.39 in chips) 
martine4839: posts small blind €0.05
Blue_Knight_3: posts big blind €0.10
*** HOLE CARDS ***
Dealt to pipinoelbreve9 [Js Kh]
unbalancedman: raises €0.20 to €0.30
MrBeleko: folds 
pipinoelbreve9: folds 
bibimott: folds 
martine4839: folds 
Blue_Knight_3: folds 
Uncalled bet (€0.20) returned to unbalancedman
unbalancedman collected €0.25 from pot
unbalancedman: doesn't show hand 
*** SUMMARY ***
Total pot €0.25 | Rake €0 
Seat 1: bibimott (button) folded before Flop (didn't bet)
Seat 2: martine4839 (small blind) folded before Flop
Seat 3: Blue_Knight_3 (big blind) folded before Flop
Seat 4: unbalancedman collected (€0.25)
Seat 5: MrBeleko folded before Flop (didn't bet)
Seat 6: pipinoelbreve9 folded before Flop (didn't bet)



PokerStars Zoom Hand #258218804162:  Hold'em No Limit (€0.05/€0.10) - 2025/10/22 11:59:14 CET [2025/10/22 5:59:14 ET]
Table 'Caph' 6-max Seat #1 is the button
Seat 1: MrBeleko (€9.70 in chips) 
Seat 2: pipinoelbreve9 (€11.39 in chips) 
Seat 3: martine4839 (€10.20 in chips) 
Seat 4: SergioL4 (€11.61 in chips) 
Seat 5: duarte197171 (€6.89 in chips) 
Seat 6: Blue_Knight_3 (€8.11 in chips) 
pipinoelbreve9: posts small blind €0.05
martine4839: posts big blind €0.10
*** HOLE CARDS ***
Dealt to pipinoelbreve9 [2h Jh]
SergioL4: raises €0.15 to €0.25
duarte197171: folds 
Blue_Knight_3: folds 
MrBeleko: folds 
pipinoelbreve9: folds 
martine4839: folds 
Uncalled bet (€0.15) returned to SergioL4
SergioL4 collected €0.25 from pot
SergioL4: doesn't show hand 
*** SUMMARY ***
Total pot €0.25 | Rake €0 
Seat 1: MrBeleko (button) folded before Flop (didn't bet)
Seat 2: pipinoelbreve9 (small blind) folded before Flop
Seat 3: martine4839 (big blind) folded before Flop
Seat 4: SergioL4 collected (€0.25)
Seat 5: duarte197171 folded before Flop (didn't bet)
Seat 6: Blue_Knight_3 folded before Flop (didn't bet)



PokerStars Zoom Hand #258218804378:  Hold'em No Limit (€0.05/€0.10) - 2025/10/22 11:59:17 CET [2025/10/22 5:59:17 ET]
Table 'Caph' 6-max Seat #1 is the button
Seat 1: duarte197171 (€6.89 in chips) 
Seat 2: watchme1shotyoy (€12.64 in chips) 
Seat 3: PraiaSolMar (€4.60 in chips) 
Seat 4: caspita295 (€9.74 in chips) 
Seat 5: Blue_Knight_3 (€8.11 in chips) 
Seat 6: pipinoelbreve9 (€11.34 in chips) 
watchme1shotyoy: posts small blind €0.05
PraiaSolMar: posts big blind €0.10
*** HOLE CARDS ***
Dealt to pipinoelbreve9 [As Jc]
caspita295: folds 
Blue_Knight_3: calls €0.10
pipinoelbreve9: raises €0.40 to €0.50
duarte197171: folds 
watchme1shotyoy: folds 
PraiaSolMar: folds 
Blue_Knight_3: folds 
Uncalled bet (€0.40) returned to pipinoelbreve9
pipinoelbreve9 collected €0.35 from pot
pipinoelbreve9: doesn't show hand 
*** SUMMARY ***
Total pot €0.35 | Rake €0 
Seat 1: duarte197171 (button) folded before Flop (didn't bet)
Seat 2: watchme1shotyoy (small blind) folded before Flop
Seat 3: PraiaSolMar (big blind) folded before Flop
Seat 4: caspita295 folded before Flop (didn't bet)
Seat 5: Blue_Knight_3 folded before Flop
Seat 6: pipinoelbreve9 collected (€0.35)



PokerStars Zoom Hand #258218805912:  Hold'em No Limit (€0.05/€0.10) - 2025/10/22 11:59:37 CET [2025/10/22 5:59:37 ET]
Table 'Caph' 6-max Seat #1 is the button
Seat 1: motomoto17 (€4.75 in chips) 
Seat 2: Andreahb1123 (€11.88 in chips) 
Seat 3: unbalancedman (€14.53 in chips) 
Seat 4: cAllAnnie2 (€18.10 in chips) 
Seat 5: pipinoelbreve9 (€11.59 in chips) 
Seat 6: LeDom66 (€10.25 in chips) 
Andreahb1123: posts small blind €0.05
unbalancedman: posts big blind €0.10
*** HOLE CARDS ***
Dealt to pipinoelbreve9 [2s Jh]
cAllAnnie2: folds 
pipinoelbreve9: folds 
LeDom66: folds 
motomoto17: folds 
Andreahb1123: folds 
Uncalled bet (€0.05) returned to unbalancedman
unbalancedman collected €0.10 from pot
unbalancedman: doesn't show hand 
*** SUMMARY ***
Total pot €0.10 | Rake €0 
Seat 1: motomoto17 (button) folded before Flop (didn't bet)
Seat 2: Andreahb1123 (small blind) folded before Flop
Seat 3: unbalancedman (big blind) collected (€0.10)
Seat 4: cAllAnnie2 folded before Flop (didn't bet)
Seat 5: pipinoelbreve9 folded before Flop (didn't bet)
Seat 6: LeDom66 folded before Flop (didn't bet)



PokerStars Zoom Hand #258218806275:  Hold'em No Limit (€0.05/€0.10) - 2025/10/22 11:59:42 CET [2025/10/22 5:59:42 ET]
Table 'Caph' 6-max Seat #1 is the button
Seat 1: SergioL4 (€11.66 in chips) 
Seat 2: motomoto17 (€4.75 in chips) 
Seat 3: pipinoelbreve9 (€11.59 in chips) 
Seat 4: cAllAnnie2 (€18.10 in chips) 
Seat 5: LeDom66 (€10.25 in chips) 
Seat 6: Split2902 (€23.77 in chips) 
motomoto17: posts small blind €0.05
pipinoelbreve9: posts big blind €0.10
*** HOLE CARDS ***
Dealt to pipinoelbreve9 [2s Qd]
cAllAnnie2: raises €0.15 to €0.25
LeDom66: folds 
Split2902: folds 
SergioL4: folds 
motomoto17: folds 
pipinoelbreve9: folds 
Uncalled bet (€0.15) returned to cAllAnnie2
cAllAnnie2 collected €0.25 from pot
cAllAnnie2: doesn't show hand 
*** SUMMARY ***
Total pot €0.25 | Rake €0 
Seat 1: SergioL4 (button) folded before Flop (didn't bet)
Seat 2: motomoto17 (small blind) folded before Flop
Seat 3: pipinoelbreve9 (big blind) folded before Flop
Seat 4: cAllAnnie2 collected (€0.25)
Seat 5: LeDom66 folded before Flop (didn't bet)
Seat 6: Split2902 folded before Flop (didn't bet)



PokerStars Zoom Hand #258218807932:  Hold'em No Limit (€0.05/€0.10) - 2025/10/22 12:00:03 CET [2025/10/22 6:00:03 ET]
Table 'Caph' 6-max Seat #1 is the button
Seat 1: Andreahb1123 (€11.43 in chips) 
Seat 2: pipinoelbreve9 (€11.49 in chips) 
Seat 3: Blue_Knight_3 (€8.01 in chips) 
Seat 4: Serrich12 (€8.92 in chips) 
Seat 5: Betsuave (€9.70 in chips) 
Seat 6: LUISFIMURIEL (€9.43 in chips) 
pipinoelbreve9: posts small blind €0.05
Blue_Knight_3: posts big blind €0.10
*** HOLE CARDS ***
Dealt to pipinoelbreve9 [2s Ad]
Serrich12: folds 
Betsuave: folds 
LUISFIMURIEL: folds 
Andreahb1123: folds 
pipinoelbreve9: folds 
Uncalled bet (€0.05) returned to Blue_Knight_3
Blue_Knight_3 collected €0.10 from pot
Blue_Knight_3: doesn't show hand 
*** SUMMARY ***
Total pot €0.10 | Rake €0 
Seat 1: Andreahb1123 (button) folded before Flop (didn't bet)
Seat 2: pipinoelbreve9 (small blind) folded before Flop
Seat 3: Blue_Knight_3 (big blind) collected (€0.10)
Seat 4: Serrich12 folded before Flop (didn't bet)
Seat 5: Betsuave folded before Flop (didn't bet)
Seat 6: LUISFIMURIEL folded before Flop (didn't bet)



PokerStars Zoom Hand #258218807053:  Hold'em No Limit (€0.05/€0.10) - 2025/10/22 11:59:52 CET [2025/10/22 5:59:52 ET]
Table 'Caph' 6-max Seat #1 is the button
Seat 1: pipinoelbreve9 (€11.49 in chips) 
Seat 2: PraiaSolMar (€4.50 in chips) 
Seat 3: LeDom66 (€10.25 in chips) 
Seat 4: Andreahb1123 (€11.83 in chips) 
Seat 5: motomoto17 (€4.70 in chips) 
Seat 6: martine4839 (€10.10 in chips) 
PraiaSolMar: posts small blind €0.05
LeDom66: posts big blind €0.10
*** HOLE CARDS ***
Dealt to pipinoelbreve9 [4h Ks]
Andreahb1123: folds 
motomoto17: folds 
martine4839: folds 
pipinoelbreve9: folds 
PraiaSolMar: calls €0.05
LeDom66: raises €0.30 to €0.40
PraiaSolMar: folds 
Uncalled bet (€0.30) returned to LeDom66
LeDom66 collected €0.20 from pot
LeDom66: doesn't show hand 
*** SUMMARY ***
Total pot €0.20 | Rake €0 
Seat 1: pipinoelbreve9 (button) folded before Flop (didn't bet)
Seat 2: PraiaSolMar (small blind) folded before Flop
Seat 3: LeDom66 (big blind) collected (€0.20)
Seat 4: Andreahb1123 folded before Flop (didn't bet)
Seat 5: motomoto17 folded before Flop (didn't bet)
Seat 6: martine4839 folded before Flop (didn't bet)



PokerStars Zoom Hand #258218807644:  Hold'em No Limit (€0.05/€0.10) - 2025/10/22 11:59:59 CET [2025/10/22 5:59:59 ET]
Table 'Caph' 6-max Seat #1 is the button
Seat 1: AndrezzoXPTO (€9.26 in chips) 
Seat 2: caspita295 (€9.64 in chips) 
Seat 3: martine4839 (€10.10 in chips) 
Seat 4: pipinoelbreve9 (€11.49 in chips) 
Seat 5: jabago19 (€10.42 in chips) 
Seat 6: Split2902 (€22.64 in chips) 
caspita295: posts small blind €0.05
martine4839: posts big blind €0.10
*** HOLE CARDS ***
Dealt to pipinoelbreve9 [Kc 3h]
pipinoelbreve9: folds 
jabago19: folds 
Split2902: folds 
AndrezzoXPTO: calls €0.10
caspita295: folds 
martine4839: checks 
*** FLOP *** [Qh Tc 6c]
martine4839: checks 
AndrezzoXPTO: checks 
*** TURN *** [Qh Tc 6c] [6d]
martine4839: bets €0.20
AndrezzoXPTO: calls €0.20
*** RIVER *** [Qh Tc 6c 6d] [Jc]
martine4839: bets €0.31
AndrezzoXPTO: raises €0.62 to €0.93
martine4839: folds 
Uncalled bet (€0.62) returned to AndrezzoXPTO
AndrezzoXPTO collected €1.21 from pot
AndrezzoXPTO: doesn't show hand 
*** SUMMARY ***
Total pot €1.27 | Rake €0.06 
Board [Qh Tc 6c 6d Jc]
Seat 1: AndrezzoXPTO (button) collected (€1.21)
Seat 2: caspita295 (small blind) folded before Flop
Seat 3: martine4839 (big blind) folded on the River
Seat 4: pipinoelbreve9 folded before Flop (didn't bet)
Seat 5: jabago19 folded before Flop (didn't bet)
Seat 6: Split2902 folded before Flop (didn't bet)



PokerStars Zoom Hand #258218806696:  Hold'em No Limit (€0.05/€0.10) - 2025/10/22 11:59:47 CET [2025/10/22 5:59:47 ET]
Table 'Caph' 6-max Seat #1 is the button
Seat 1: jabago19 (€10.42 in chips) 
Seat 2: 2Jm2 (€10.05 in chips) 
Seat 3: gregoss054 (€12.23 in chips) 
Seat 4: Andreahb1123 (€15.47 in chips) 
Seat 5: pipinoelbreve9 (€11.49 in chips) 
Seat 6: SauceConfiance (€11.17 in chips) 
2Jm2: posts small blind €0.05
gregoss054: posts big blind €0.10
*** HOLE CARDS ***
Dealt to pipinoelbreve9 [Ts 2s]
Andreahb1123: folds 
pipinoelbreve9: folds 
SauceConfiance: raises €0.10 to €0.20
jabago19: folds 
2Jm2: calls €0.15
gregoss054: calls €0.10
*** FLOP *** [9d Jh 9h]
2Jm2: checks 
gregoss054: checks 
SauceConfiance: bets €0.29
2Jm2: folds 
gregoss054: calls €0.29
*** TURN *** [9d Jh 9h] [9c]
gregoss054: checks 
SauceConfiance: bets €0.56
gregoss054: raises €0.56 to €1.12
SauceConfiance: calls €0.56
*** RIVER *** [9d Jh 9h 9c] [Ks]
gregoss054: bets €10.62 and is all-in
SauceConfiance: calls €9.56 and is all-in
Uncalled bet (€1.06) returned to gregoss054
*** SHOW DOWN ***
gregoss054: shows [9s 7s] (four of a kind, Nines)
SauceConfiance: shows [Kh Jd] (a full house, Nines full of Kings)
gregoss054 collected €21.41 from pot
*** SUMMARY ***
Total pot €22.54 | Rake €1.13 
Board [9d Jh 9h 9c Ks]
Seat 1: jabago19 (button) folded before Flop (didn't bet)
Seat 2: 2Jm2 (small blind) folded on the Flop
Seat 3: gregoss054 (big blind) showed [9s 7s] and won (€21.41) with four of a kind, Nines
Seat 4: Andreahb1123 folded before Flop (didn't bet)
Seat 5: pipinoelbreve9 folded before Flop (didn't bet)
Seat 6: SauceConfiance showed [Kh Jd] and lost with a full house, Nines full of Kings



PokerStars Zoom Hand #258218808203:  Hold'em No Limit (€0.05/€0.10) - 2025/10/22 12:00:06 CET [2025/10/22 6:00:06 ET]
Table 'Caph' 6-max Seat #1 is the button
Seat 1: cAllAnnie2 (€18.25 in chips) 
Seat 2: Split2902 (€22.64 in chips) 
Seat 3: JRG244 (€12.72 in chips) 
Seat 4: MrBeleko (€9.70 in chips) 
Seat 5: pipinoelbreve9 (€11.44 in chips) 
Seat 6: duarte197171 (€6.74 in chips) 
Split2902: posts small blind €0.05
JRG244: posts big blind €0.10
*** HOLE CARDS ***
Dealt to pipinoelbreve9 [Qd 3h]
MrBeleko: folds 
pipinoelbreve9: folds 
duarte197171: folds 
cAllAnnie2: raises €0.12 to €0.22
Split2902: folds 
JRG244: calls €0.12
*** FLOP *** [4h 6d 5s]
JRG244: checks 
cAllAnnie2: checks 
*** TURN *** [4h 6d 5s] [Jh]
JRG244: checks 
cAllAnnie2: checks 
*** RIVER *** [4h 6d 5s Jh] [9h]
JRG244: checks 
cAllAnnie2: bets €0.25
JRG244: folds 
Uncalled bet (€0.25) returned to cAllAnnie2
cAllAnnie2 collected €0.47 from pot
cAllAnnie2: doesn't show hand 
*** SUMMARY ***
Total pot €0.49 | Rake €0.02 
Board [4h 6d 5s Jh 9h]
Seat 1: cAllAnnie2 (button) collected (€0.47)
Seat 2: Split2902 (small blind) folded before Flop
Seat 3: JRG244 (big blind) folded on the River
Seat 4: MrBeleko folded before Flop (didn't bet)
Seat 5: pipinoelbreve9 folded before Flop (didn't bet)
Seat 6: duarte197171 folded before Flop (didn't bet)



PokerStars Zoom Hand #258218808545:  Hold'em No Limit (€0.05/€0.10) - 2025/10/22 12:00:11 CET [2025/10/22 6:00:11 ET]
Table 'Caph' 6-max Seat #1 is the button
Seat 1: 2Jm2 (€10.10 in chips) 
Seat 2: CMVS1000 (€4.40 in chips) 
Seat 3: Serrich12 (€8.92 in chips) 
Seat 4: pipinoelbreve9 (€11.44 in chips) 
Seat 5: willywon221 (€10.74 in chips) 
Seat 6: bibimott (€7.95 in chips) 
CMVS1000: posts small blind €0.05
Serrich12: posts big blind €0.10
*** HOLE CARDS ***
Dealt to pipinoelbreve9 [Ts 2h]
pipinoelbreve9: folds 
willywon221: raises €0.20 to €0.30
bibimott: folds 
2Jm2: calls €0.30
CMVS1000: folds 
Serrich12: folds 
*** FLOP *** [Qc 4c 3s]
willywon221: checks 
2Jm2: checks 
*** TURN *** [Qc 4c 3s] [As]
willywon221: checks 
2Jm2: bets €0.40
willywon221: folds 
Uncalled bet (€0.40) returned to 2Jm2
2Jm2 collected €0.71 from pot
2Jm2: doesn't show hand 
*** SUMMARY ***
Total pot €0.75 | Rake €0.04 
Board [Qc 4c 3s As]
Seat 1: 2Jm2 (button) collected (€0.71)
Seat 2: CMVS1000 (small blind) folded before Flop
Seat 3: Serrich12 (big blind) folded before Flop
Seat 4: pipinoelbreve9 folded before Flop (didn't bet)
Seat 5: willywon221 folded on the Turn
Seat 6: bibimott folded before Flop (didn't bet)



PokerStars Zoom Hand #258218808971:  Hold'em No Limit (€0.05/€0.10) - 2025/10/22 12:00:16 CET [2025/10/22 6:00:16 ET]
Table 'Caph' 6-max Seat #1 is the button
Seat 1: SergioL4 (€13.64 in chips) 
Seat 2: jabago19 (€11 in chips) 
Seat 3: pipinoelbreve9 (€11.44 in chips) 
Seat 4: caspita295 (€10.02 in chips) 
Seat 5: unbalancedman (€12.82 in chips) 
Seat 6: bibimott (€7.95 in chips) 
jabago19: posts small blind €0.05
pipinoelbreve9: posts big blind €0.10
*** HOLE CARDS ***
Dealt to pipinoelbreve9 [Ts 8s]
caspita295: folds 
unbalancedman: folds 
bibimott: calls €0.10
SergioL4: folds 
jabago19: folds 
pipinoelbreve9: checks 
*** FLOP *** [8h Tc 6h]
pipinoelbreve9: checks 
bibimott: checks 
*** TURN *** [8h Tc 6h] [Kc]
pipinoelbreve9: checks 
bibimott: checks 
*** RIVER *** [8h Tc 6h Kc] [9c]
pipinoelbreve9: bets €0.16
bibimott: folds 
Uncalled bet (€0.16) returned to pipinoelbreve9
pipinoelbreve9 collected €0.24 from pot
pipinoelbreve9: doesn't show hand 
*** SUMMARY ***
Total pot €0.25 | Rake €0.01 
Board [8h Tc 6h Kc 9c]
Seat 1: SergioL4 (button) folded before Flop (didn't bet)
Seat 2: jabago19 (small blind) folded before Flop
Seat 3: pipinoelbreve9 (big blind) collected (€0.24)
Seat 4: caspita295 folded before Flop (didn't bet)
Seat 5: unbalancedman folded before Flop (didn't bet)
Seat 6: bibimott folded on the River



PokerStars Zoom Hand #258218812534:  Hold'em No Limit (€0.05/€0.10) - 2025/10/22 12:00:59 CET [2025/10/22 6:00:59 ET]
Table 'Caph' 6-max Seat #1 is the button
Seat 1: pipinoelbreve9 (€11.58 in chips) 
Seat 2: Split2902 (€23.42 in chips) 
Seat 3: willywon221 (€11.32 in chips) 
Seat 4: MrBeleko (€8.79 in chips) 
Seat 5: bibimott (€18.04 in chips) 
Seat 6: CMVS1000 (€4.80 in chips) 
Split2902: posts small blind €0.05
willywon221: posts big blind €0.10
*** HOLE CARDS ***
Dealt to pipinoelbreve9 [Ts 5s]
MrBeleko: raises €0.13 to €0.23
bibimott: folds 
CMVS1000: folds 
pipinoelbreve9: folds 
Split2902: folds 
willywon221: folds 
Uncalled bet (€0.13) returned to MrBeleko
MrBeleko collected €0.25 from pot
MrBeleko: doesn't show hand 
*** SUMMARY ***
Total pot €0.25 | Rake €0 
Seat 1: pipinoelbreve9 (button) folded before Flop (didn't bet)
Seat 2: Split2902 (small blind) folded before Flop
Seat 3: willywon221 (big blind) folded before Flop
Seat 4: MrBeleko collected (€0.25)
Seat 5: bibimott folded before Flop (didn't bet)
Seat 6: CMVS1000 folded before Flop (didn't bet)



PokerStars Zoom Hand #258218813140:  Hold'em No Limit (€0.05/€0.10) - 2025/10/22 12:01:08 CET [2025/10/22 6:01:08 ET]
Table 'Caph' 6-max Seat #1 is the button
Seat 1: jabago19 (€10.72 in chips) 
Seat 2: pipinoelbreve9 (€11.58 in chips) 
Seat 3: Split2902 (€18.70 in chips) 
Seat 4: 2Jm2 (€14.71 in chips) 
Seat 5: traelo (€11.42 in chips) 
Seat 6: Serrich12 (€8.82 in chips) 
pipinoelbreve9: posts small blind €0.05
Split2902: posts big blind €0.10
*** HOLE CARDS ***
Dealt to pipinoelbreve9 [5s 9s]
2Jm2: folds 
traelo: raises €0.10 to €0.20
Serrich12: folds 
jabago19: folds 
pipinoelbreve9: folds 
Split2902: folds 
Uncalled bet (€0.10) returned to traelo
traelo collected €0.25 from pot
traelo: doesn't show hand 
*** SUMMARY ***
Total pot €0.25 | Rake €0 
Seat 1: jabago19 (button) folded before Flop (didn't bet)
Seat 2: pipinoelbreve9 (small blind) folded before Flop
Seat 3: Split2902 (big blind) folded before Flop
Seat 4: 2Jm2 folded before Flop (didn't bet)
Seat 5: traelo collected (€0.25)
Seat 6: Serrich12 folded before Flop (didn't bet)



PokerStars Zoom Hand #258218812885:  Hold'em No Limit (€0.05/€0.10) - 2025/10/22 12:01:04 CET [2025/10/22 6:01:04 ET]
Table 'Caph' 6-max Seat #1 is the button
Seat 1: Andreahb1123 (€11.43 in chips) 
Seat 2: CMVS1000 (€4.80 in chips) 
Seat 3: bibimott (€18.04 in chips) 
Seat 4: willywon221 (€11.22 in chips) 
Seat 5: 2Jm2 (€14.71 in chips) 
Seat 6: pipinoelbreve9 (€11.58 in chips) 
CMVS1000: posts small blind €0.05
bibimott: posts big blind €0.10
*** HOLE CARDS ***
Dealt to pipinoelbreve9 [8h 4c]
willywon221: folds 
2Jm2: folds 
pipinoelbreve9: folds 
Andreahb1123: folds 
CMVS1000: raises €0.10 to €0.20
bibimott: folds 
Uncalled bet (€0.10) returned to CMVS1000
CMVS1000 collected €0.20 from pot
CMVS1000: doesn't show hand 
*** SUMMARY ***
Total pot €0.20 | Rake €0 
Seat 1: Andreahb1123 (button) folded before Flop (didn't bet)
Seat 2: CMVS1000 (small blind) collected (€0.20)
Seat 3: bibimott (big blind) folded before Flop
Seat 4: willywon221 folded before Flop (didn't bet)
Seat 5: 2Jm2 folded before Flop (didn't bet)
Seat 6: pipinoelbreve9 folded before Flop (didn't bet)



PokerStars Zoom Hand #258218813851:  Hold'em No Limit (€0.05/€0.10) - 2025/10/22 12:01:16 CET [2025/10/22 6:01:16 ET]
Table 'Caph' 6-max Seat #1 is the button
Seat 1: pipinoelbreve9 (€11.53 in chips) 
Seat 2: 2Jm2 (€14.71 in chips) 
Seat 3: bibimott (€16.80 in chips) 
Seat 4: LeDom66 (€10.05 in chips) 
Seat 5: willywon221 (€9.52 in chips) 
Seat 6: Betsuave (€9.65 in chips) 
2Jm2: posts small blind €0.05
bibimott: posts big blind €0.10
*** HOLE CARDS ***
Dealt to pipinoelbreve9 [Th 8d]
LeDom66: folds 
willywon221: folds 
Betsuave: raises €0.10 to €0.20
pipinoelbreve9: folds 
2Jm2: raises €0.80 to €1
bibimott: folds 
Betsuave: folds 
Uncalled bet (€0.80) returned to 2Jm2
2Jm2 collected €0.50 from pot
2Jm2: doesn't show hand 
*** SUMMARY ***
Total pot €0.50 | Rake €0 
Seat 1: pipinoelbreve9 (button) folded before Flop (didn't bet)
Seat 2: 2Jm2 (small blind) collected (€0.50)
Seat 3: bibimott (big blind) folded before Flop
Seat 4: LeDom66 folded before Flop (didn't bet)
Seat 5: willywon221 folded before Flop (didn't bet)
Seat 6: Betsuave folded before Flop



PokerStars Zoom Hand #258218814158:  Hold'em No Limit (€0.05/€0.10) - 2025/10/22 12:01:20 CET [2025/10/22 6:01:20 ET]
Table 'Caph' 6-max Seat #1 is the button
Seat 1: ibic22 (€15.50 in chips) 
Seat 2: martine4839 (€10 in chips) 
Seat 3: bigfish845 (€10 in chips) 
Seat 4: LeDom66 (€10.05 in chips) 
Seat 5: pipinoelbreve9 (€11.53 in chips) 
Seat 6: willywon221 (€9.52 in chips) 
martine4839: posts small blind €0.05
bigfish845: posts big blind €0.10
*** HOLE CARDS ***
Dealt to pipinoelbreve9 [2c Jc]
LeDom66: folds 
pipinoelbreve9: folds 
willywon221: folds 
ibic22: raises €0.14 to €0.24
martine4839: folds 
bigfish845: folds 
Uncalled bet (€0.14) returned to ibic22
ibic22 collected €0.25 from pot
ibic22: doesn't show hand 
*** SUMMARY ***
Total pot €0.25 | Rake €0 
Seat 1: ibic22 (button) collected (€0.25)
Seat 2: martine4839 (small blind) folded before Flop
Seat 3: bigfish845 (big blind) folded before Flop
Seat 4: LeDom66 folded before Flop (didn't bet)
Seat 5: pipinoelbreve9 folded before Flop (didn't bet)
Seat 6: willywon221 folded before Flop (didn't bet)



PokerStars Zoom Hand #258218814683:  Hold'em No Limit (€0.05/€0.10) - 2025/10/22 12:01:26 CET [2025/10/22 6:01:26 ET]
Table 'Caph' 6-max Seat #1 is the button
Seat 1: nunorui (€18.75 in chips) 
Seat 2: unbalancedman (€12.22 in chips) 
Seat 3: pipinoelbreve9 (€11.53 in chips) 
Seat 4: AndrezzoXPTO (€9.56 in chips) 
Seat 5: caspita295 (€9.49 in chips) 
Seat 6: cAllAnnie2 (€18.35 in chips) 
unbalancedman: posts small blind €0.05
pipinoelbreve9: posts big blind €0.10
*** HOLE CARDS ***
Dealt to pipinoelbreve9 [8c Ad]
AndrezzoXPTO: raises €0.10 to €0.20
caspita295: folds 
cAllAnnie2: folds 
nunorui: raises €0.55 to €0.75
unbalancedman: folds 
pipinoelbreve9: folds 
AndrezzoXPTO: folds 
Uncalled bet (€0.55) returned to nunorui
nunorui collected €0.55 from pot
nunorui: doesn't show hand 
*** SUMMARY ***
Total pot €0.55 | Rake €0 
Seat 1: nunorui (button) collected (€0.55)
Seat 2: unbalancedman (small blind) folded before Flop
Seat 3: pipinoelbreve9 (big blind) folded before Flop
Seat 4: AndrezzoXPTO folded before Flop
Seat 5: caspita295 folded before Flop (didn't bet)
Seat 6: cAllAnnie2 folded before Flop (didn't bet)



PokerStars Zoom Hand #258218816585:  Hold'em No Limit (€0.05/€0.10) - 2025/10/22 12:01:48 CET [2025/10/22 6:01:48 ET]
Table 'Caph' 6-max Seat #1 is the button
Seat 1: Betsuave (€10.15 in chips) 
Seat 2: bibimott (€18.09 in chips) 
Seat 3: nunorui (€19.10 in chips) 
Seat 4: pipinoelbreve9 (€11.43 in chips) 
Seat 5: jabago19 (€11.09 in chips) 
Seat 6: Ferran1194 (€11.30 in chips) 
bibimott: posts small blind €0.05
nunorui: posts big blind €0.10
*** HOLE CARDS ***
Dealt to pipinoelbreve9 [Jd 3h]
pipinoelbreve9: folds 
jabago19: raises €0.15 to €0.25
Ferran1194: folds 
Betsuave: folds 
bibimott: folds 
nunorui: folds 
Uncalled bet (€0.15) returned to jabago19
jabago19 collected €0.25 from pot
jabago19: doesn't show hand 
*** SUMMARY ***
Total pot €0.25 | Rake €0 
Seat 1: Betsuave (button) folded before Flop (didn't bet)
Seat 2: bibimott (small blind) folded before Flop
Seat 3: nunorui (big blind) folded before Flop
Seat 4: pipinoelbreve9 folded before Flop (didn't bet)
Seat 5: jabago19 collected (€0.25)
Seat 6: Ferran1194 folded before Flop (didn't bet)



PokerStars Zoom Hand #258218817331:  Hold'em No Limit (€0.05/€0.10) - 2025/10/22 12:01:56 CET [2025/10/22 6:01:56 ET]
Table 'Caph' 6-max Seat #1 is the button
Seat 1: bibimott (€18.04 in chips) 
Seat 2: Serrich12 (€8.82 in chips) 
Seat 3: pipinoelbreve9 (€11.43 in chips) 
Seat 4: Split2902 (€22.85 in chips) 
Seat 5: unbalancedman (€12.32 in chips) 
Seat 6: Andreahb1123 (€26.52 in chips) 
Serrich12: posts small blind €0.05
pipinoelbreve9: posts big blind €0.10
*** HOLE CARDS ***
Dealt to pipinoelbreve9 [Td 2s]
Split2902: folds 
unbalancedman: folds 
Andreahb1123: folds 
bibimott: folds 
Serrich12: raises €0.10 to €0.20
pipinoelbreve9: folds 
Uncalled bet (€0.10) returned to Serrich12
Serrich12 collected €0.20 from pot
Serrich12: doesn't show hand 
*** SUMMARY ***
Total pot €0.20 | Rake €0 
Seat 1: bibimott (button) folded before Flop (didn't bet)
Seat 2: Serrich12 (small blind) collected (€0.20)
Seat 3: pipinoelbreve9 (big blind) folded before Flop
Seat 4: Split2902 folded before Flop (didn't bet)
Seat 5: unbalancedman folded before Flop (didn't bet)
Seat 6: Andreahb1123 folded before Flop (didn't bet)



PokerStars Zoom Hand #258218815749:  Hold'em No Limit (€0.05/€0.10) - 2025/10/22 12:01:38 CET [2025/10/22 6:01:38 ET]
Table 'Caph' 6-max Seat #1 is the button
Seat 1: 2Jm2 (€15.01 in chips) 
Seat 2: unbalancedman (€15.05 in chips) 
Seat 3: Split2902 (€22.95 in chips) 
Seat 4: Deepyos (€5.97 in chips) 
Seat 5: bibimott (€18.09 in chips) 
Seat 6: pipinoelbreve9 (€11.43 in chips) 
unbalancedman: posts small blind €0.05
Split2902: posts big blind €0.10
*** HOLE CARDS ***
Dealt to pipinoelbreve9 [Th 8h]
Deepyos: raises €0.10 to €0.20
bibimott: folds 
pipinoelbreve9: folds 
2Jm2: calls €0.20
unbalancedman: calls €0.15
Split2902: folds 
*** FLOP *** [Kh 6d 7h]
unbalancedman: checks 
Deepyos: bets €0.33
2Jm2: folds 
unbalancedman: folds 
Uncalled bet (€0.33) returned to Deepyos
Deepyos collected €0.66 from pot
Deepyos: doesn't show hand 
*** SUMMARY ***
Total pot €0.70 | Rake €0.04 
Board [Kh 6d 7h]
Seat 1: 2Jm2 (button) folded on the Flop
Seat 2: unbalancedman (small blind) folded on the Flop
Seat 3: Split2902 (big blind) folded before Flop
Seat 4: Deepyos collected (€0.66)
Seat 5: bibimott folded before Flop (didn't bet)
Seat 6: pipinoelbreve9 folded before Flop (didn't bet)



PokerStars Zoom Hand #258218816951:  Hold'em No Limit (€0.05/€0.10) - 2025/10/22 12:01:52 CET [2025/10/22 6:01:52 ET]
Table 'Caph' 6-max Seat #1 is the button
Seat 1: unbalancedman (€12.32 in chips) 
Seat 2: AndrezzoXPTO (€9.26 in chips) 
Seat 3: martine4839 (€10 in chips) 
Seat 4: pipinoelbreve9 (€11.43 in chips) 
Seat 5: Betsuave (€9.45 in chips) 
Seat 6: willywon221 (€9.37 in chips) 
AndrezzoXPTO: posts small blind €0.05
martine4839: posts big blind €0.10
*** HOLE CARDS ***
Dealt to pipinoelbreve9 [9c As]
pipinoelbreve9: folds 
Betsuave: folds 
willywon221: folds 
unbalancedman: folds 
AndrezzoXPTO: raises €0.10 to €0.20
martine4839: calls €0.10
*** FLOP *** [3h Jc 2h]
AndrezzoXPTO: bets €0.19
martine4839: folds 
Uncalled bet (€0.19) returned to AndrezzoXPTO
AndrezzoXPTO collected €0.38 from pot
AndrezzoXPTO: doesn't show hand 
*** SUMMARY ***
Total pot €0.40 | Rake €0.02 
Board [3h Jc 2h]
Seat 1: unbalancedman (button) folded before Flop (didn't bet)
Seat 2: AndrezzoXPTO (small blind) collected (€0.38)
Seat 3: martine4839 (big blind) folded on the Flop
Seat 4: pipinoelbreve9 folded before Flop (didn't bet)
Seat 5: Betsuave folded before Flop (didn't bet)
Seat 6: willywon221 folded before Flop (didn't bet)



PokerStars Zoom Hand #258218819074:  Hold'em No Limit (€0.05/€0.10) - 2025/10/22 12:02:15 CET [2025/10/22 6:02:15 ET]
Table 'Caph' 6-max Seat #1 is the button
Seat 1: pipinoelbreve9 (€11.28 in chips) 
Seat 2: jabago19 (€10.98 in chips) 
Seat 3: Sachagozal8 (€9.92 in chips) 
Seat 4: caspita295 (€10.44 in chips) 
Seat 5: Deepyos (€6.43 in chips) 
Seat 6: AM Nab (€2.94 in chips) 
jabago19: posts small blind €0.05
Sachagozal8: posts big blind €0.10
*** HOLE CARDS ***
Dealt to pipinoelbreve9 [3c Td]
caspita295: folds 
Deepyos: folds 
AM Nab: folds 
pipinoelbreve9: folds 
jabago19: raises €0.20 to €0.30
Sachagozal8: folds 
Uncalled bet (€0.20) returned to jabago19
jabago19 collected €0.20 from pot
jabago19: doesn't show hand 
*** SUMMARY ***
Total pot €0.20 | Rake €0 
Seat 1: pipinoelbreve9 (button) folded before Flop (didn't bet)
Seat 2: jabago19 (small blind) collected (€0.20)
Seat 3: Sachagozal8 (big blind) folded before Flop
Seat 4: caspita295 folded before Flop (didn't bet)
Seat 5: Deepyos folded before Flop (didn't bet)
Seat 6: AM Nab folded before Flop (didn't bet)



PokerStars Zoom Hand #258218819781:  Hold'em No Limit (€0.05/€0.10) - 2025/10/22 12:02:23 CET [2025/10/22 6:02:23 ET]
Table 'Caph' 6-max Seat #1 is the button
Seat 1: Split2902 (€24.90 in chips) 
Seat 2: pipinoelbreve9 (€11.28 in chips) 
Seat 3: LuisCesarQB (€10 in chips) 
Seat 4: gregoss054 (€22.27 in chips) 
Seat 5: AM Nab (€2.94 in chips) 
Seat 6: SergioL4 (€11.96 in chips) 
pipinoelbreve9: posts small blind €0.05
LuisCesarQB: posts big blind €0.10
*** HOLE CARDS ***
Dealt to pipinoelbreve9 [2c 4s]
gregoss054: folds 
AM Nab: folds 
SergioL4: folds 
Split2902: folds 
pipinoelbreve9: folds 
Uncalled bet (€0.05) returned to LuisCesarQB
LuisCesarQB collected €0.10 from pot
LuisCesarQB: doesn't show hand 
*** SUMMARY ***
Total pot €0.10 | Rake €0 
Seat 1: Split2902 (button) folded before Flop (didn't bet)
Seat 2: pipinoelbreve9 (small blind) folded before Flop
Seat 3: LuisCesarQB (big blind) collected (€0.10)
Seat 4: gregoss054 folded before Flop (didn't bet)
Seat 5: AM Nab folded before Flop (didn't bet)
Seat 6: SergioL4 folded before Flop (didn't bet)



PokerStars Zoom Hand #258218820140:  Hold'em No Limit (€0.05/€0.10) - 2025/10/22 12:02:27 CET [2025/10/22 6:02:27 ET]
Table 'Caph' 6-max Seat #1 is the button
Seat 1: MrBeleko (€8.98 in chips) 
Seat 2: Garcilaso AA (€10 in chips) 
Seat 3: willywon221 (€9.37 in chips) 
Seat 4: martine4839 (€10.22 in chips) 
Seat 5: Andreahb1123 (€10.96 in chips) 
Seat 6: pipinoelbreve9 (€11.23 in chips) 
Garcilaso AA: posts small blind €0.05
willywon221: posts big blind €0.10
*** HOLE CARDS ***
Dealt to pipinoelbreve9 [Tc Jh]
martine4839: folds 
Andreahb1123: folds 
pipinoelbreve9: raises €0.15 to €0.25
MrBeleko: raises €0.55 to €0.80
Garcilaso AA: folds 
willywon221: folds 
pipinoelbreve9: folds 
Uncalled bet (€0.55) returned to MrBeleko
MrBeleko collected €0.65 from pot
MrBeleko: doesn't show hand 
*** SUMMARY ***
Total pot €0.65 | Rake €0 
Seat 1: MrBeleko (button) collected (€0.65)
Seat 2: Garcilaso AA (small blind) folded before Flop
Seat 3: willywon221 (big blind) folded before Flop
Seat 4: martine4839 folded before Flop (didn't bet)
Seat 5: Andreahb1123 folded before Flop (didn't bet)
Seat 6: pipinoelbreve9 folded before Flop



PokerStars Zoom Hand #258218819387:  Hold'em No Limit (€0.05/€0.10) - 2025/10/22 12:02:18 CET [2025/10/22 6:02:18 ET]
Table 'Caph' 6-max Seat #1 is the button
Seat 1: bibimott (€16.97 in chips) 
Seat 2: LeDom66 (€10.39 in chips) 
Seat 3: ibic22 (€13.43 in chips) 
Seat 4: willywon221 (€9.37 in chips) 
Seat 5: martine4839 (€10.22 in chips) 
Seat 6: pipinoelbreve9 (€11.28 in chips) 
LeDom66: posts small blind €0.05
ibic22: posts big blind €0.10
*** HOLE CARDS ***
Dealt to pipinoelbreve9 [4h Kc]
willywon221: folds 
martine4839: folds 
pipinoelbreve9: folds 
bibimott: raises €0.10 to €0.20
LeDom66: raises €0.80 to €1
ibic22: folds 
bibimott: folds 
Uncalled bet (€0.80) returned to LeDom66
LeDom66 collected €0.50 from pot
LeDom66: doesn't show hand 
*** SUMMARY ***
Total pot €0.50 | Rake €0 
Seat 1: bibimott (button) folded before Flop
Seat 2: LeDom66 (small blind) collected (€0.50)
Seat 3: ibic22 (big blind) folded before Flop
Seat 4: willywon221 folded before Flop (didn't bet)
Seat 5: martine4839 folded before Flop (didn't bet)
Seat 6: pipinoelbreve9 folded before Flop (didn't bet)



PokerStars Zoom Hand #258218818205:  Hold'em No Limit (€0.05/€0.10) - 2025/10/22 12:02:05 CET [2025/10/22 6:02:05 ET]
Table 'Caph' 6-max Seat #1 is the button
Seat 1: ibic22 (€13.43 in chips) 
Seat 2: pipinoelbreve9 (€11.33 in chips) 
Seat 3: unbalancedman (€12.32 in chips) 
Seat 4: willywon221 (€9.33 in chips) 
Seat 5: Andreahb1123 (€26.52 in chips) 
Seat 6: bibimott (€18.04 in chips) 
pipinoelbreve9: posts small blind €0.05
unbalancedman: posts big blind €0.10
*** HOLE CARDS ***
Dealt to pipinoelbreve9 [Td 7c]
willywon221: folds 
Andreahb1123: raises €0.10 to €0.20
bibimott: calls €0.20
ibic22: folds 
pipinoelbreve9: folds 
unbalancedman: calls €0.10
*** FLOP *** [Tc 5h 7s]
unbalancedman: checks 
Andreahb1123: checks 
bibimott: checks 
*** TURN *** [Tc 5h 7s] [4d]
unbalancedman: bets €0.20
Andreahb1123: calls €0.20
bibimott: calls €0.20
*** RIVER *** [Tc 5h 7s 4d] [8s]
unbalancedman: checks 
Andreahb1123: bets €0.70
bibimott: folds 
unbalancedman: folds 
Uncalled bet (€0.70) returned to Andreahb1123
Andreahb1123 collected €1.19 from pot
Andreahb1123: doesn't show hand 
*** SUMMARY ***
Total pot €1.25 | Rake €0.06 
Board [Tc 5h 7s 4d 8s]
Seat 1: ibic22 (button) folded before Flop (didn't bet)
Seat 2: pipinoelbreve9 (small blind) folded before Flop
Seat 3: unbalancedman (big blind) folded on the River
Seat 4: willywon221 folded before Flop (didn't bet)
Seat 5: Andreahb1123 collected (€1.19)
Seat 6: bibimott folded on the River



PokerStars Zoom Hand #258218821674:  Hold'em No Limit (€0.05/€0.10) - 2025/10/22 12:02:43 CET [2025/10/22 6:02:43 ET]
Table 'Caph' 6-max Seat #1 is the button
Seat 1: jabago19 (€11.08 in chips) 
Seat 2: 2Jm2 (€14.66 in chips) 
Seat 3: caspita295 (€9.59 in chips) 
Seat 4: willywon221 (€9.43 in chips) 
Seat 5: pipinoelbreve9 (€10.98 in chips) 
Seat 6: LuisCesarQB (€10 in chips) 
2Jm2: posts small blind €0.05
caspita295: posts big blind €0.10
*** HOLE CARDS ***
Dealt to pipinoelbreve9 [2s As]
willywon221: folds 
pipinoelbreve9: raises €0.15 to €0.25
LuisCesarQB: folds 
jabago19: folds 
2Jm2: folds 
caspita295: raises €0.75 to €1
pipinoelbreve9: calls €0.75
*** FLOP *** [5h 9c Ks]
caspita295: checks 
pipinoelbreve9: bets €0.98
caspita295: folds 
Uncalled bet (€0.98) returned to pipinoelbreve9
pipinoelbreve9 collected €1.95 from pot
pipinoelbreve9: doesn't show hand 
*** SUMMARY ***
Total pot €2.05 | Rake €0.10 
Board [5h 9c Ks]
Seat 1: jabago19 (button) folded before Flop (didn't bet)
Seat 2: 2Jm2 (small blind) folded before Flop
Seat 3: caspita295 (big blind) folded on the Flop
Seat 4: willywon221 folded before Flop (didn't bet)
Seat 5: pipinoelbreve9 collected (€1.95)
Seat 6: LuisCesarQB folded before Flop (didn't bet)



PokerStars Zoom Hand #258218825550:  Hold'em No Limit (€0.05/€0.10) - 2025/10/22 12:03:27 CET [2025/10/22 6:03:27 ET]
Table 'Caph' 6-max Seat #1 is the button
Seat 1: pipinoelbreve9 (€11.93 in chips) 
Seat 2: Andreahb1123 (€27.31 in chips) 
Seat 3: caspita295 (€10.39 in chips) 
Seat 4: nunorui (€18.64 in chips) 
Seat 5: martine4839 (€10 in chips) 
Seat 6: 2Jm2 (€31.04 in chips) 
Andreahb1123: posts small blind €0.05
caspita295: posts big blind €0.10
*** HOLE CARDS ***
Dealt to pipinoelbreve9 [8h Ah]
nunorui: raises €0.10 to €0.20
martine4839: folds 
2Jm2: folds 
pipinoelbreve9: calls €0.20
Andreahb1123: folds 
caspita295: raises €1.20 to €1.40
nunorui: folds 
pipinoelbreve9: folds 
Uncalled bet (€1.20) returned to caspita295
caspita295 collected €0.65 from pot
caspita295: doesn't show hand 
*** SUMMARY ***
Total pot €0.65 | Rake €0 
Seat 1: pipinoelbreve9 (button) folded before Flop
Seat 2: Andreahb1123 (small blind) folded before Flop
Seat 3: caspita295 (big blind) collected (€0.65)
Seat 4: nunorui folded before Flop
Seat 5: martine4839 folded before Flop (didn't bet)
Seat 6: 2Jm2 folded before Flop (didn't bet)



PokerStars Zoom Hand #258218828051:  Hold'em No Limit (€0.05/€0.10) - 2025/10/22 12:03:54 CET [2025/10/22 6:03:54 ET]
Table 'Caph' 6-max Seat #1 is the button
Seat 1: caspita295 (€10.84 in chips) 
Seat 2: FllanosB (€9.51 in chips) 
Seat 3: pipinoelbreve9 (€11.73 in chips) 
Seat 4: Andreahb1123 (€27.16 in chips) 
Seat 5: ibic22 (€13.28 in chips) 
Seat 6: AM Nab (€2.25 in chips) 
FllanosB: posts small blind €0.05
pipinoelbreve9: posts big blind €0.10
*** HOLE CARDS ***
Dealt to pipinoelbreve9 [Tc 7h]
Andreahb1123: folds 
ibic22: folds 
AM Nab: folds 
caspita295: raises €0.15 to €0.25
FllanosB: folds 
pipinoelbreve9: folds 
Uncalled bet (€0.15) returned to caspita295
caspita295 collected €0.25 from pot
caspita295: doesn't show hand 
*** SUMMARY ***
Total pot €0.25 | Rake €0 
Seat 1: caspita295 (button) collected (€0.25)
Seat 2: FllanosB (small blind) folded before Flop
Seat 3: pipinoelbreve9 (big blind) folded before Flop
Seat 4: Andreahb1123 folded before Flop (didn't bet)
Seat 5: ibic22 folded before Flop (didn't bet)
Seat 6: AM Nab folded before Flop (didn't bet)



PokerStars Zoom Hand #258218830507:  Hold'em No Limit (€0.05/€0.10) - 2025/10/22 12:04:21 CET [2025/10/22 6:04:21 ET]
Table 'Caph' 6-max Seat #1 is the button
Seat 1: PraiaSolMar (€4.48 in chips) 
Seat 2: Andreahb1123 (€27.31 in chips) 
Seat 3: Deepyos (€5.93 in chips) 
Seat 4: pipinoelbreve9 (€11.63 in chips) 
Seat 5: CMVS1000 (€4.43 in chips) 
Seat 6: LuisCesarQB (€10 in chips) 
Andreahb1123: posts small blind €0.05
Deepyos: posts big blind €0.10
*** HOLE CARDS ***
Dealt to pipinoelbreve9 [As Js]
pipinoelbreve9: raises €0.15 to €0.25
CMVS1000: folds 
LuisCesarQB: folds 
PraiaSolMar: calls €0.25
Andreahb1123: folds 
Deepyos: folds 
*** FLOP *** [2h Kc 5h]
pipinoelbreve9: bets €0.20
PraiaSolMar: calls €0.20
*** TURN *** [2h Kc 5h] [4c]
pipinoelbreve9: bets €0.66
PraiaSolMar: calls €0.66
*** RIVER *** [2h Kc 5h 4c] [7s]
pipinoelbreve9: checks 
PraiaSolMar: checks 
*** SHOW DOWN ***
pipinoelbreve9: shows [As Js] (high card Ace)
PraiaSolMar: shows [9c 9h] (a pair of Nines)
PraiaSolMar collected €2.25 from pot
*** SUMMARY ***
Total pot €2.37 | Rake €0.12 
Board [2h Kc 5h 4c 7s]
Seat 1: PraiaSolMar (button) showed [9c 9h] and won (€2.25) with a pair of Nines
Seat 2: Andreahb1123 (small blind) folded before Flop
Seat 3: Deepyos (big blind) folded before Flop
Seat 4: pipinoelbreve9 showed [As Js] and lost with high card Ace
Seat 5: CMVS1000 folded before Flop (didn't bet)
Seat 6: LuisCesarQB folded before Flop (didn't bet)



PokerStars Zoom Hand #258218833928:  Hold'em No Limit (€0.05/€0.10) - 2025/10/22 12:04:59 CET [2025/10/22 6:04:59 ET]
Table 'Caph' 6-max Seat #1 is the button
Seat 1: PraiaSolMar (€5.62 in chips) 
Seat 2: CMVS1000 (€4.48 in chips) 
Seat 3: LuisCesarQB (€13.23 in chips) 
Seat 4: pipinoelbreve9 (€10.52 in chips) 
Seat 5: LeDom66 (€13.31 in chips) 
Seat 6: MrBeleko (€7.42 in chips) 
CMVS1000: posts small blind €0.05
LuisCesarQB: posts big blind €0.10
*** HOLE CARDS ***
Dealt to pipinoelbreve9 [Ad Ac]
pipinoelbreve9: raises €0.15 to €0.25
LeDom66: folds 
MrBeleko: folds 
PraiaSolMar: folds 
CMVS1000: folds 
LuisCesarQB: folds 
Uncalled bet (€0.15) returned to pipinoelbreve9
pipinoelbreve9 collected €0.25 from pot
pipinoelbreve9: doesn't show hand 
*** SUMMARY ***
Total pot €0.25 | Rake €0 
Seat 1: PraiaSolMar (button) folded before Flop (didn't bet)
Seat 2: CMVS1000 (small blind) folded before Flop
Seat 3: LuisCesarQB (big blind) folded before Flop
Seat 4: pipinoelbreve9 collected (€0.25)
Seat 5: LeDom66 folded before Flop (didn't bet)
Seat 6: MrBeleko folded before Flop (didn't bet)



PokerStars Zoom Hand #258218834780:  Hold'em No Limit (€0.05/€0.10) - 2025/10/22 12:05:09 CET [2025/10/22 6:05:09 ET]
Table 'Caph' 6-max Seat #1 is the button
Seat 1: Deepyos (€5.93 in chips) 
Seat 2: LuisCesarQB (€13.13 in chips) 
Seat 3: 2Jm2 (€10.10 in chips) 
Seat 4: unbalancedman (€15.76 in chips) 
Seat 5: pipinoelbreve9 (€10.67 in chips) 
Seat 6: Split2902 (€25.38 in chips) 
LuisCesarQB: posts small blind €0.05
2Jm2: posts big blind €0.10
*** HOLE CARDS ***
Dealt to pipinoelbreve9 [Ac Qd]
unbalancedman: folds 
pipinoelbreve9: raises €0.15 to €0.25
Split2902: raises €0.55 to €0.80
Deepyos: folds 
LuisCesarQB: folds 
2Jm2: folds 
pipinoelbreve9: calls €0.55
*** FLOP *** [6s Qh Ks]
pipinoelbreve9: checks 
Split2902: bets €0.55
pipinoelbreve9: calls €0.55
*** TURN *** [6s Qh Ks] [4d]
pipinoelbreve9: checks 
Split2902: bets €1.36
pipinoelbreve9: calls €1.36
*** RIVER *** [6s Qh Ks 4d] [8d]
pipinoelbreve9: checks 
Split2902: bets €4.47
pipinoelbreve9: folds 
Uncalled bet (€4.47) returned to Split2902
Split2902 collected €5.29 from pot
Split2902: doesn't show hand 
*** SUMMARY ***
Total pot €5.57 | Rake €0.28 
Board [6s Qh Ks 4d 8d]
Seat 1: Deepyos (button) folded before Flop (didn't bet)
Seat 2: LuisCesarQB (small blind) folded before Flop
Seat 3: 2Jm2 (big blind) folded before Flop
Seat 4: unbalancedman folded before Flop (didn't bet)
Seat 5: pipinoelbreve9 folded on the River
Seat 6: Split2902 collected (€5.29)



