PokerStars Zoom Hand #258218260275:  Hold'em No Limit (€0.05/€0.10) - 2025/10/22 9:58:53 CET [2025/10/22 3:58:53 ET]
Table 'Caph' 6-max Seat #1 is the button
Seat 1: NosoVinci (€5.15 in chips) 
Seat 2: Bavaria866 (€11.23 in chips) 
Seat 3: pipinoelbreve9 (€10 in chips) 
Seat 4: FllanosB (€31.27 in chips) 
Seat 5: JVN_100 (€32.50 in chips) 
Seat 6: grandpa83000 (€4.51 in chips) 
Bavaria866: posts small blind €0.05
pipinoelbreve9: posts big blind €0.10
*** HOLE CARDS ***
Dealt to pipinoelbreve9 [9c 9s]
FllanosB: folds 
JVN_100: folds 
grandpa83000: calls €0.10
NosoVinci: raises €0.25 to €0.35
Bavaria866: raises €1.05 to €1.40
pipinoelbreve9: folds 
grandpa83000: raises €3.11 to €4.51 and is all-in
NosoVinci: folds 
Bavaria866: calls €3.11
*** FLOP *** [Jh 2s 6c]
*** TURN *** [Jh 2s 6c] [2h]
*** RIVER *** [Jh 2s 6c 2h] [8d]
*** SHOW DOWN ***
Bavaria866: shows [As Qh] (a pair of Deuces)
grandpa83000: shows [Ad Ac] (two pair, Aces and Deuces)
grandpa83000 collected €9 from pot
*** SUMMARY ***
Total pot €9.47 | Rake €0.47 
Board [Jh 2s 6c 2h 8d]
Seat 1: NosoVinci (button) folded before Flop
Seat 2: Bavaria866 (small blind) showed [As Qh] and lost with a pair of Deuces
Seat 3: pipinoelbreve9 (big blind) folded before Flop
Seat 4: FllanosB folded before Flop (didn't bet)
Seat 5: JVN_100 folded before Flop (didn't bet)
Seat 6: grandpa83000 showed [Ad Ac] and won (€9) with two pair, Aces and Deuces



PokerStars Zoom Hand #258218262623:  Hold'em No Limit (€0.05/€0.10) - 2025/10/22 9:59:35 CET [2025/10/22 3:59:35 ET]
Table 'Caph' 6-max Seat #1 is the button
Seat 1: pipinoelbreve9 (€10 in chips) 
Seat 2: jayKOdee (€13.13 in chips) 
Seat 3: lagasalahaga (€10.40 in chips) 
Seat 4: NosoVinci (€7.75 in chips) 
Seat 5: lambrusco100 (€7.11 in chips) 
Seat 6: MagicVodka08 (€18.90 in chips) 
jayKOdee: posts small blind €0.05
lagasalahaga: posts big blind €0.10
*** HOLE CARDS ***
Dealt to pipinoelbreve9 [8c 9h]
NosoVinci: folds 
lambrusco100: folds 
MagicVodka08: folds 
pipinoelbreve9: folds 
jayKOdee: folds 
Uncalled bet (€0.05) returned to lagasalahaga
lagasalahaga collected €0.10 from pot
lagasalahaga: doesn't show hand 
*** SUMMARY ***
Total pot €0.10 | Rake €0 
Seat 1: pipinoelbreve9 (button) folded before Flop (didn't bet)
Seat 2: jayKOdee (small blind) folded before Flop
Seat 3: lagasalahaga (big blind) collected (€0.10)
Seat 4: NosoVinci folded before Flop (didn't bet)
Seat 5: lambrusco100 folded before Flop (didn't bet)
Seat 6: MagicVodka08 folded before Flop (didn't bet)



PokerStars Zoom Hand #258218262306:  Hold'em No Limit (€0.05/€0.10) - 2025/10/22 9:59:29 CET [2025/10/22 3:59:29 ET]
Table 'Caph' 6-max Seat #1 is the button
Seat 1: peterpunkkkk (€11.59 in chips) 
Seat 2: pipinoelbreve9 (€10 in chips) 
Seat 3: PulpitoBluff (€7.94 in chips) 
Seat 4: mariocapntns (€13.07 in chips) 
Seat 5: jayKOdee (€13.13 in chips) 
Seat 6: NosoVinci (€7.75 in chips) 
pipinoelbreve9: posts small blind €0.05
PulpitoBluff: posts big blind €0.10
*** HOLE CARDS ***
Dealt to pipinoelbreve9 [Th 6h]
mariocapntns: raises €0.10 to €0.20
jayKOdee: folds 
NosoVinci: folds 
peterpunkkkk: folds 
pipinoelbreve9: folds 
PulpitoBluff: raises €0.50 to €0.70
mariocapntns: calls €0.50
*** FLOP *** [3h Tc 8s]
PulpitoBluff: bets €1.38
mariocapntns: folds 
Uncalled bet (€1.38) returned to PulpitoBluff
PulpitoBluff collected €1.38 from pot
PulpitoBluff: doesn't show hand 
*** SUMMARY ***
Total pot €1.45 | Rake €0.07 
Board [3h Tc 8s]
Seat 1: peterpunkkkk (button) folded before Flop (didn't bet)
Seat 2: pipinoelbreve9 (small blind) folded before Flop
Seat 3: PulpitoBluff (big blind) collected (€1.38)
Seat 4: mariocapntns folded on the Flop
Seat 5: jayKOdee folded before Flop (didn't bet)
Seat 6: NosoVinci folded before Flop (didn't bet)



PokerStars Zoom Hand #258218263346:  Hold'em No Limit (€0.05/€0.10) - 2025/10/22 9:59:48 CET [2025/10/22 3:59:48 ET]
Table 'Caph' 6-max Seat #1 is the button
Seat 1: fiku1 (€9.95 in chips) 
Seat 2: iurii machushak (€10 in chips) 
Seat 3: Uhj87 (€5.51 in chips) 
Seat 4: Bavaria866 (€10 in chips) 
Seat 5: pipinoelbreve9 (€10 in chips) 
Seat 6: FllanosB (€31.02 in chips) 
iurii machushak: posts small blind €0.05
Uhj87: posts big blind €0.10
*** HOLE CARDS ***
Dealt to pipinoelbreve9 [Qh Qc]
Bavaria866: folds 
pipinoelbreve9: raises €0.15 to €0.25
FllanosB: folds 
fiku1: folds 
iurii machushak: folds 
Uhj87: folds 
Uncalled bet (€0.15) returned to pipinoelbreve9
pipinoelbreve9 collected €0.25 from pot
pipinoelbreve9: doesn't show hand 
*** SUMMARY ***
Total pot €0.25 | Rake €0 
Seat 1: fiku1 (button) folded before Flop (didn't bet)
Seat 2: iurii machushak (small blind) folded before Flop
Seat 3: Uhj87 (big blind) folded before Flop
Seat 4: Bavaria866 folded before Flop (didn't bet)
Seat 5: pipinoelbreve9 collected (€0.25)
Seat 6: FllanosB folded before Flop (didn't bet)



PokerStars Zoom Hand #258218264410:  Hold'em No Limit (€0.05/€0.10) - 2025/10/22 10:00:06 CET [2025/10/22 4:00:06 ET]
Table 'Caph' 6-max Seat #1 is the button
Seat 1: iurii machushak (€10.55 in chips) 
Seat 2: xameson (€9.59 in chips) 
Seat 3: pipinoelbreve9 (€10.15 in chips) 
Seat 4: PulpitoBluff (€8.62 in chips) 
Seat 5: peterpunkkkk (€11.69 in chips) 
Seat 6: mkgon10 (€10.42 in chips) 
xameson: posts small blind €0.05
pipinoelbreve9: posts big blind €0.10
*** HOLE CARDS ***
Dealt to pipinoelbreve9 [Qs 6h]
PulpitoBluff: raises €0.20 to €0.30
peterpunkkkk: folds 
mkgon10: folds 
iurii machushak: folds 
xameson: folds 
pipinoelbreve9: folds 
Uncalled bet (€0.20) returned to PulpitoBluff
PulpitoBluff collected €0.25 from pot
PulpitoBluff: doesn't show hand 
*** SUMMARY ***
Total pot €0.25 | Rake €0 
Seat 1: iurii machushak (button) folded before Flop (didn't bet)
Seat 2: xameson (small blind) folded before Flop
Seat 3: pipinoelbreve9 (big blind) folded before Flop
Seat 4: PulpitoBluff collected (€0.25)
Seat 5: peterpunkkkk folded before Flop (didn't bet)
Seat 6: mkgon10 folded before Flop (didn't bet)



PokerStars Zoom Hand #258218262850:  Hold'em No Limit (€0.05/€0.10) - 2025/10/22 9:59:39 CET [2025/10/22 3:59:39 ET]
Table 'Caph' 6-max Seat #1 is the button
Seat 1: peterpunkkkk (€10 in chips) 
Seat 2: fiku1 (€9.60 in chips) 
Seat 3: MagicVodka08 (€18.90 in chips) 
Seat 4: lambrusco100 (€7.11 in chips) 
Seat 5: jayKOdee (€13.08 in chips) 
Seat 6: pipinoelbreve9 (€10 in chips) 
fiku1: posts small blind €0.05
MagicVodka08: posts big blind €0.10
*** HOLE CARDS ***
Dealt to pipinoelbreve9 [7s 6d]
lambrusco100: folds 
jayKOdee: raises €0.20 to €0.30
pipinoelbreve9: folds 
peterpunkkkk: calls €0.30
fiku1: folds 
MagicVodka08: folds 
*** FLOP *** [2c 7c As]
jayKOdee: bets €0.36
peterpunkkkk: calls €0.36
*** TURN *** [2c 7c As] [Kh]
jayKOdee: checks 
peterpunkkkk: checks 
*** RIVER *** [2c 7c As Kh] [3d]
jayKOdee: checks 
peterpunkkkk: bets €2.10
jayKOdee: folds 
Uncalled bet (€2.10) returned to peterpunkkkk
peterpunkkkk collected €1.40 from pot
peterpunkkkk: doesn't show hand 
*** SUMMARY ***
Total pot €1.47 | Rake €0.07 
Board [2c 7c As Kh 3d]
Seat 1: peterpunkkkk (button) collected (€1.40)
Seat 2: fiku1 (small blind) folded before Flop
Seat 3: MagicVodka08 (big blind) folded before Flop
Seat 4: lambrusco100 folded before Flop (didn't bet)
Seat 5: jayKOdee folded on the River
Seat 6: pipinoelbreve9 folded before Flop (didn't bet)



PokerStars Zoom Hand #258218264202:  Hold'em No Limit (€0.05/€0.10) - 2025/10/22 10:00:02 CET [2025/10/22 4:00:02 ET]
Table 'Caph' 6-max Seat #1 is the button
Seat 1: NosoVinci (€5 in chips) 
Seat 2: leobcn9 (€10.23 in chips) 
Seat 3: JVN_100 (€33.14 in chips) 
Seat 4: pipinoelbreve9 (€10.15 in chips) 
Seat 5: sylbern25 (€10.47 in chips) 
Seat 6: xameson (€9.59 in chips) 
leobcn9: posts small blind €0.05
JVN_100: posts big blind €0.10
*** HOLE CARDS ***
Dealt to pipinoelbreve9 [9d 5c]
pipinoelbreve9: folds 
sylbern25: folds 
xameson: folds 
NosoVinci: folds 
leobcn9: raises €0.20 to €0.30
JVN_100: calls €0.20
*** FLOP *** [6h 4d Jh]
leobcn9: bets €0.20
JVN_100: calls €0.20
*** TURN *** [6h 4d Jh] [8c]
leobcn9: checks 
JVN_100: checks 
*** RIVER *** [6h 4d Jh 8c] [Kc]
leobcn9: checks 
JVN_100: checks 
*** SHOW DOWN ***
leobcn9: shows [Td As] (high card Ace)
JVN_100: mucks hand 
leobcn9 collected €0.95 from pot
*** SUMMARY ***
Total pot €1 | Rake €0.05 
Board [6h 4d Jh 8c Kc]
Seat 1: NosoVinci (button) folded before Flop (didn't bet)
Seat 2: leobcn9 (small blind) showed [Td As] and won (€0.95) with high card Ace
Seat 3: JVN_100 (big blind) mucked [Ac 9c]
Seat 4: pipinoelbreve9 folded before Flop (didn't bet)
Seat 5: sylbern25 folded before Flop (didn't bet)
Seat 6: xameson folded before Flop (didn't bet)



PokerStars Zoom Hand #258218265130:  Hold'em No Limit (€0.05/€0.10) - 2025/10/22 10:00:18 CET [2025/10/22 4:00:18 ET]
Table 'Caph' 6-max Seat #1 is the button
Seat 1: Coldeu (€10.88 in chips) 
Seat 2: iurii machushak (€10.20 in chips) 
Seat 3: Txinarro69 (€7.17 in chips) 
Seat 4: sylbern25 (€10.42 in chips) 
Seat 5: NosoVinci (€5.23 in chips) 
Seat 6: pipinoelbreve9 (€10 in chips) 
iurii machushak: posts small blind €0.05
Txinarro69: posts big blind €0.10
*** HOLE CARDS ***
Dealt to pipinoelbreve9 [7s 7h]
sylbern25: folds 
NosoVinci: folds 
pipinoelbreve9: raises €0.15 to €0.25
Coldeu: folds 
iurii machushak: folds 
Txinarro69: folds 
Uncalled bet (€0.15) returned to pipinoelbreve9
pipinoelbreve9 collected €0.25 from pot
pipinoelbreve9: doesn't show hand 
*** SUMMARY ***
Total pot €0.25 | Rake €0 
Seat 1: Coldeu (button) folded before Flop (didn't bet)
Seat 2: iurii machushak (small blind) folded before Flop
Seat 3: Txinarro69 (big blind) folded before Flop
Seat 4: sylbern25 folded before Flop (didn't bet)
Seat 5: NosoVinci folded before Flop (didn't bet)
Seat 6: pipinoelbreve9 collected (€0.25)



PokerStars Zoom Hand #258218264657:  Hold'em No Limit (€0.05/€0.10) - 2025/10/22 10:00:10 CET [2025/10/22 4:00:10 ET]
Table 'Caph' 6-max Seat #1 is the button
Seat 1: xameson (€9.54 in chips) 
Seat 2: pipinoelbreve9 (€10.05 in chips) 
Seat 3: mkgon10 (€10.42 in chips) 
Seat 4: jayKOdee (€12.33 in chips) 
Seat 5: Txinarro69 (€7.17 in chips) 
Seat 6: Coldeu (€10.88 in chips) 
pipinoelbreve9: posts small blind €0.05
mkgon10: posts big blind €0.10
*** HOLE CARDS ***
Dealt to pipinoelbreve9 [9d Tc]
jayKOdee: raises €0.10 to €0.20
Txinarro69: folds 
Coldeu: folds 
xameson: calls €0.20
pipinoelbreve9: folds 
mkgon10: calls €0.10
*** FLOP *** [Qs 3d 8d]
mkgon10: checks 
jayKOdee: checks 
xameson: checks 
*** TURN *** [Qs 3d 8d] [7d]
mkgon10: checks 
jayKOdee: checks 
xameson: bets €0.40
mkgon10: folds 
jayKOdee: folds 
Uncalled bet (€0.40) returned to xameson
xameson collected €0.62 from pot
xameson: doesn't show hand 
*** SUMMARY ***
Total pot €0.65 | Rake €0.03 
Board [Qs 3d 8d 7d]
Seat 1: xameson (button) collected (€0.62)
Seat 2: pipinoelbreve9 (small blind) folded before Flop
Seat 3: mkgon10 (big blind) folded on the Turn
Seat 4: jayKOdee folded on the Turn
Seat 5: Txinarro69 folded before Flop (didn't bet)
Seat 6: Coldeu folded before Flop (didn't bet)



PokerStars Zoom Hand #258218266617:  Hold'em No Limit (€0.05/€0.10) - 2025/10/22 10:00:43 CET [2025/10/22 4:00:43 ET]
Table 'Caph' 6-max Seat #1 is the button
Seat 1: ArchiBolding (€10 in chips) 
Seat 2: MagicVodka08 (€12.19 in chips) 
Seat 3: goaton (€4.26 in chips) 
Seat 4: pipinoelbreve9 (€10.15 in chips) 
Seat 5: Bavaria866 (€12.31 in chips) 
Seat 6: grandpa83000 (€8.75 in chips) 
MagicVodka08: posts small blind €0.05
goaton: posts big blind €0.10
*** HOLE CARDS ***
Dealt to pipinoelbreve9 [3d 6c]
pipinoelbreve9: folds 
Bavaria866: folds 
grandpa83000: folds 
ArchiBolding: raises €0.15 to €0.25
MagicVodka08: folds 
goaton: folds 
Uncalled bet (€0.15) returned to ArchiBolding
ArchiBolding collected €0.25 from pot
ArchiBolding: doesn't show hand 
*** SUMMARY ***
Total pot €0.25 | Rake €0 
Seat 1: ArchiBolding (button) collected (€0.25)
Seat 2: MagicVodka08 (small blind) folded before Flop
Seat 3: goaton (big blind) folded before Flop
Seat 4: pipinoelbreve9 folded before Flop (didn't bet)
Seat 5: Bavaria866 folded before Flop (didn't bet)
Seat 6: grandpa83000 folded before Flop (didn't bet)



PokerStars Zoom Hand #258218266201:  Hold'em No Limit (€0.05/€0.10) - 2025/10/22 10:00:36 CET [2025/10/22 4:00:36 ET]
Table 'Caph' 6-max Seat #1 is the button
Seat 1: pipinoelbreve9 (€10.15 in chips) 
Seat 2: NosoVinci (€5.05 in chips) 
Seat 3: PulpitoBluff (€8.72 in chips) 
Seat 4: goaton (€4.26 in chips) 
Seat 5: Coldeu (€10 in chips) 
Seat 6: mariocapntns (€2.41 in chips) 
NosoVinci: posts small blind €0.05
PulpitoBluff: posts big blind €0.10
*** HOLE CARDS ***
Dealt to pipinoelbreve9 [3s 4h]
goaton: folds 
Coldeu: raises €0.10 to €0.20
mariocapntns: calls €0.20
pipinoelbreve9: folds 
NosoVinci: folds 
PulpitoBluff: calls €0.10
*** FLOP *** [5d 2d 7c]
PulpitoBluff: checks 
Coldeu: checks 
mariocapntns: bets €0.31
PulpitoBluff: folds 
Coldeu: folds 
Uncalled bet (€0.31) returned to mariocapntns
mariocapntns collected €0.62 from pot
mariocapntns: doesn't show hand 
*** SUMMARY ***
Total pot €0.65 | Rake €0.03 
Board [5d 2d 7c]
Seat 1: pipinoelbreve9 (button) folded before Flop (didn't bet)
Seat 2: NosoVinci (small blind) folded before Flop
Seat 3: PulpitoBluff (big blind) folded on the Flop
Seat 4: goaton folded before Flop (didn't bet)
Seat 5: Coldeu folded on the Flop
Seat 6: mariocapntns collected (€0.62)



PokerStars Zoom Hand #258218266868:  Hold'em No Limit (€0.05/€0.10) - 2025/10/22 10:00:47 CET [2025/10/22 4:00:47 ET]
Table 'Caph' 6-max Seat #1 is the button
Seat 1: NosoVinci (€5 in chips) 
Seat 2: pipinoelbreve9 (€10.15 in chips) 
Seat 3: peterpunkkkk (€10 in chips) 
Seat 4: grandpa83000 (€8.75 in chips) 
Seat 5: MagicVodka08 (€12.14 in chips) 
Seat 6: duasin (€10.74 in chips) 
pipinoelbreve9: posts small blind €0.05
peterpunkkkk: posts big blind €0.10
*** HOLE CARDS ***
Dealt to pipinoelbreve9 [2d 2c]
grandpa83000: folds 
MagicVodka08: folds 
duasin: raises €0.15 to €0.25
NosoVinci: folds 
pipinoelbreve9: calls €0.20
peterpunkkkk: folds 
*** FLOP *** [7c 2s Jd]
pipinoelbreve9: checks 
duasin: checks 
*** TURN *** [7c 2s Jd] [Td]
pipinoelbreve9: bets €0.38
duasin: folds 
Uncalled bet (€0.38) returned to pipinoelbreve9
pipinoelbreve9 collected €0.57 from pot
pipinoelbreve9: doesn't show hand 
*** SUMMARY ***
Total pot €0.60 | Rake €0.03 
Board [7c 2s Jd Td]
Seat 1: NosoVinci (button) folded before Flop (didn't bet)
Seat 2: pipinoelbreve9 (small blind) collected (€0.57)
Seat 3: peterpunkkkk (big blind) folded before Flop
Seat 4: grandpa83000 folded before Flop (didn't bet)
Seat 5: MagicVodka08 folded before Flop (didn't bet)
Seat 6: duasin folded on the Turn



PokerStars Zoom Hand #258218269726:  Hold'em No Limit (€0.05/€0.10) - 2025/10/22 10:01:32 CET [2025/10/22 4:01:32 ET]
Table 'Caph' 6-max Seat #1 is the button
Seat 1: peterpunkkkk (€13.49 in chips) 
Seat 2: Coldeu (€10 in chips) 
Seat 3: iurii machushak (€10 in chips) 
Seat 4: duasin (€13.12 in chips) 
Seat 5: pipinoelbreve9 (€10.47 in chips) 
Seat 6: Heavengods (€9.92 in chips) 
Coldeu: posts small blind €0.05
iurii machushak: posts big blind €0.10
*** HOLE CARDS ***
Dealt to pipinoelbreve9 [5d 9h]
duasin: folds 
pipinoelbreve9: folds 
Heavengods: folds 
peterpunkkkk: raises €0.15 to €0.25
Coldeu: raises €1.05 to €1.30
iurii machushak: folds 
peterpunkkkk: folds 
Uncalled bet (€1.05) returned to Coldeu
Coldeu collected €0.60 from pot
Coldeu: doesn't show hand 
*** SUMMARY ***
Total pot €0.60 | Rake €0 
Seat 1: peterpunkkkk (button) folded before Flop
Seat 2: Coldeu (small blind) collected (€0.60)
Seat 3: iurii machushak (big blind) folded before Flop
Seat 4: duasin folded before Flop (didn't bet)
Seat 5: pipinoelbreve9 folded before Flop (didn't bet)
Seat 6: Heavengods folded before Flop (didn't bet)



PokerStars Zoom Hand #258218270005:  Hold'em No Limit (€0.05/€0.10) - 2025/10/22 10:01:36 CET [2025/10/22 4:01:36 ET]
Table 'Caph' 6-max Seat #1 is the button
Seat 1: Coldeu (€11.20 in chips) 
Seat 2: urbano1988 (€9.80 in chips) 
Seat 3: pipinoelbreve9 (€10.47 in chips) 
Seat 4: JVN_100 (€31.41 in chips) 
Seat 5: sylbern25 (€10.12 in chips) 
Seat 6: duasin (€10.49 in chips) 
urbano1988: posts small blind €0.05
pipinoelbreve9: posts big blind €0.10
*** HOLE CARDS ***
Dealt to pipinoelbreve9 [2h 7c]
JVN_100: folds 
sylbern25: folds 
duasin: folds 
Coldeu: folds 
urbano1988: calls €0.05
pipinoelbreve9: checks 
*** FLOP *** [Ah 7d 9c]
urbano1988: checks 
pipinoelbreve9: checks 
*** TURN *** [Ah 7d 9c] [8s]
urbano1988: checks 
pipinoelbreve9: bets €0.10
urbano1988: calls €0.10
*** RIVER *** [Ah 7d 9c 8s] [3c]
urbano1988: checks 
pipinoelbreve9: checks 
*** SHOW DOWN ***
urbano1988: shows [6h Kh] (high card Ace)
pipinoelbreve9: shows [2h 7c] (a pair of Sevens)
pipinoelbreve9 collected €0.38 from pot
*** SUMMARY ***
Total pot €0.40 | Rake €0.02 
Board [Ah 7d 9c 8s 3c]
Seat 1: Coldeu (button) folded before Flop (didn't bet)
Seat 2: urbano1988 (small blind) showed [6h Kh] and lost with high card Ace
Seat 3: pipinoelbreve9 (big blind) showed [2h 7c] and won (€0.38) with a pair of Sevens
Seat 4: JVN_100 folded before Flop (didn't bet)
Seat 5: sylbern25 folded before Flop (didn't bet)
Seat 6: duasin folded before Flop (didn't bet)



PokerStars Zoom Hand #258218273136:  Hold'em No Limit (€0.05/€0.10) - 2025/10/22 10:02:26 CET [2025/10/22 4:02:26 ET]
Table 'Caph' 6-max Seat #1 is the button
Seat 1: mariocapntns (€3.74 in chips) 
Seat 2: peterpunkkkk (€10.49 in chips) 
Seat 3: iurii machushak (€10.10 in chips) 
Seat 4: grandpa83000 (€7.45 in chips) 
Seat 5: jayKOdee (€12.74 in chips) 
Seat 6: pipinoelbreve9 (€10.65 in chips) 
peterpunkkkk: posts small blind €0.05
iurii machushak: posts big blind €0.10
*** HOLE CARDS ***
Dealt to pipinoelbreve9 [4d Tc]
grandpa83000: folds 
jayKOdee: folds 
pipinoelbreve9: folds 
mariocapntns: folds 
peterpunkkkk: folds 
Uncalled bet (€0.05) returned to iurii machushak
iurii machushak collected €0.10 from pot
iurii machushak: doesn't show hand 
*** SUMMARY ***
Total pot €0.10 | Rake €0 
Seat 1: mariocapntns (button) folded before Flop (didn't bet)
Seat 2: peterpunkkkk (small blind) folded before Flop
Seat 3: iurii machushak (big blind) collected (€0.10)
Seat 4: grandpa83000 folded before Flop (didn't bet)
Seat 5: jayKOdee folded before Flop (didn't bet)
Seat 6: pipinoelbreve9 folded before Flop (didn't bet)



PokerStars Zoom Hand #258218272858:  Hold'em No Limit (€0.05/€0.10) - 2025/10/22 10:02:22 CET [2025/10/22 4:02:22 ET]
Table 'Caph' 6-max Seat #1 is the button
Seat 1: urbano1988 (€9.60 in chips) 
Seat 2: duasin (€13.49 in chips) 
Seat 3: Txinarro69 (€7.38 in chips) 
Seat 4: pipinoelbreve9 (€10.65 in chips) 
Seat 5: Bavaria866 (€9.85 in chips) 
Seat 6: iurii machushak (€10 in chips) 
duasin: posts small blind €0.05
Txinarro69: posts big blind €0.10
*** HOLE CARDS ***
Dealt to pipinoelbreve9 [8d Jc]
pipinoelbreve9: folds 
Bavaria866: folds 
iurii machushak: folds 
urbano1988: calls €0.10
duasin: folds 
Txinarro69: checks 
*** FLOP *** [Kd 5s Jd]
Txinarro69: bets €0.24
urbano1988: folds 
Uncalled bet (€0.24) returned to Txinarro69
Txinarro69 collected €0.24 from pot
Txinarro69: doesn't show hand 
*** SUMMARY ***
Total pot €0.25 | Rake €0.01 
Board [Kd 5s Jd]
Seat 1: urbano1988 (button) folded on the Flop
Seat 2: duasin (small blind) folded before Flop
Seat 3: Txinarro69 (big blind) collected (€0.24)
Seat 4: pipinoelbreve9 folded before Flop (didn't bet)
Seat 5: Bavaria866 folded before Flop (didn't bet)
Seat 6: iurii machushak folded before Flop (didn't bet)



PokerStars Zoom Hand #258218274434:  Hold'em No Limit (€0.05/€0.10) - 2025/10/22 10:02:46 CET [2025/10/22 4:02:46 ET]
Table 'Caph' 6-max Seat #1 is the button
Seat 1: Coldeu (€11.49 in chips) 
Seat 2: MagicVodka08 (€14.05 in chips) 
Seat 3: peterpunkkkk (€10.44 in chips) 
Seat 4: fiku1 (€7.99 in chips) 
Seat 5: NosoVinci (€5 in chips) 
Seat 6: pipinoelbreve9 (€10.65 in chips) 
MagicVodka08: posts small blind €0.05
peterpunkkkk: posts big blind €0.10
*** HOLE CARDS ***
Dealt to pipinoelbreve9 [9s 9d]
fiku1: folds 
NosoVinci: folds 
pipinoelbreve9: raises €0.15 to €0.25
Coldeu: folds 
MagicVodka08: folds 
peterpunkkkk: folds 
Uncalled bet (€0.15) returned to pipinoelbreve9
pipinoelbreve9 collected €0.25 from pot
pipinoelbreve9: doesn't show hand 
*** SUMMARY ***
Total pot €0.25 | Rake €0 
Seat 1: Coldeu (button) folded before Flop (didn't bet)
Seat 2: MagicVodka08 (small blind) folded before Flop
Seat 3: peterpunkkkk (big blind) folded before Flop
Seat 4: fiku1 folded before Flop (didn't bet)
Seat 5: NosoVinci folded before Flop (didn't bet)
Seat 6: pipinoelbreve9 collected (€0.25)



PokerStars Zoom Hand #258218273359:  Hold'em No Limit (€0.05/€0.10) - 2025/10/22 10:02:30 CET [2025/10/22 4:02:30 ET]
Table 'Caph' 6-max Seat #1 is the button
Seat 1: pipinoelbreve9 (€10.65 in chips) 
Seat 2: grandpa83000 (€7.45 in chips) 
Seat 3: sylbern25 (€11.34 in chips) 
Seat 4: NosoVinci (€5 in chips) 
Seat 5: goaton (€4.28 in chips) 
Seat 6: duasin (€13.44 in chips) 
grandpa83000: posts small blind €0.05
sylbern25: posts big blind €0.10
*** HOLE CARDS ***
Dealt to pipinoelbreve9 [3s Ks]
NosoVinci: folds 
goaton: raises €0.10 to €0.20
duasin: folds 
pipinoelbreve9: folds 
grandpa83000: calls €0.15
sylbern25: calls €0.10
*** FLOP *** [Kh Jh 2d]
grandpa83000: checks 
sylbern25: checks 
goaton: bets €0.20
grandpa83000: calls €0.20
sylbern25: folds 
*** TURN *** [Kh Jh 2d] [8c]
grandpa83000: checks 
goaton: bets €0.20
grandpa83000: folds 
Uncalled bet (€0.20) returned to goaton
goaton collected €0.95 from pot
goaton: doesn't show hand 
*** SUMMARY ***
Total pot €1 | Rake €0.05 
Board [Kh Jh 2d 8c]
Seat 1: pipinoelbreve9 (button) folded before Flop (didn't bet)
Seat 2: grandpa83000 (small blind) folded on the Turn
Seat 3: sylbern25 (big blind) folded on the Flop
Seat 4: NosoVinci folded before Flop (didn't bet)
Seat 5: goaton collected (€0.95)
Seat 6: duasin folded before Flop (didn't bet)



PokerStars Zoom Hand #258218275937:  Hold'em No Limit (€0.05/€0.10) - 2025/10/22 10:03:10 CET [2025/10/22 4:03:10 ET]
Table 'Caph' 6-max Seat #1 is the button
Seat 1: Heavengods (€13.47 in chips) 
Seat 2: fiku1 (€9.85 in chips) 
Seat 3: pipinoelbreve9 (€10.80 in chips) 
Seat 4: mariocapntns (€3.92 in chips) 
Seat 5: jayKOdee (€12.64 in chips) 
Seat 6: bombut81 (€7.35 in chips) 
fiku1: posts small blind €0.05
pipinoelbreve9: posts big blind €0.10
*** HOLE CARDS ***
Dealt to pipinoelbreve9 [Ad Jh]
mariocapntns: folds 
jayKOdee: folds 
bombut81: folds 
Heavengods: folds 
fiku1: folds 
Uncalled bet (€0.05) returned to pipinoelbreve9
pipinoelbreve9 collected €0.10 from pot
pipinoelbreve9: doesn't show hand 
*** SUMMARY ***
Total pot €0.10 | Rake €0 
Seat 1: Heavengods (button) folded before Flop (didn't bet)
Seat 2: fiku1 (small blind) folded before Flop
Seat 3: pipinoelbreve9 (big blind) collected (€0.10)
Seat 4: mariocapntns folded before Flop (didn't bet)
Seat 5: jayKOdee folded before Flop (didn't bet)
Seat 6: bombut81 folded before Flop (didn't bet)



PokerStars Zoom Hand #258218277559:  Hold'em No Limit (€0.05/€0.10) - 2025/10/22 10:03:34 CET [2025/10/22 4:03:34 ET]
Table 'Caph' 6-max Seat #1 is the button
Seat 1: NosoVinci (€5.15 in chips) 
Seat 2: iurii machushak (€10.76 in chips) 
Seat 3: xameson (€8.04 in chips) 
Seat 4: peterpunkkkk (€13.34 in chips) 
Seat 5: pipinoelbreve9 (€10.85 in chips) 
Seat 6: Coldeu (€10.90 in chips) 
iurii machushak: posts small blind €0.05
xameson: posts big blind €0.10
*** HOLE CARDS ***
Dealt to pipinoelbreve9 [2s 4c]
peterpunkkkk: folds 
pipinoelbreve9: folds 
Coldeu: folds 
NosoVinci: folds 
iurii machushak: folds 
Uncalled bet (€0.05) returned to xameson
xameson collected €0.10 from pot
xameson: doesn't show hand 
*** SUMMARY ***
Total pot €0.10 | Rake €0 
Seat 1: NosoVinci (button) folded before Flop (didn't bet)
Seat 2: iurii machushak (small blind) folded before Flop
Seat 3: xameson (big blind) collected (€0.10)
Seat 4: peterpunkkkk folded before Flop (didn't bet)
Seat 5: pipinoelbreve9 folded before Flop (didn't bet)
Seat 6: Coldeu folded before Flop (didn't bet)



PokerStars Zoom Hand #258218277852:  Hold'em No Limit (€0.05/€0.10) - 2025/10/22 10:03:39 CET [2025/10/22 4:03:39 ET]
Table 'Caph' 6-max Seat #1 is the button
Seat 1: sylbern25 (€10.54 in chips) 
Seat 2: pipinoelbreve9 (€10.85 in chips) 
Seat 3: iurii machushak (€10 in chips) 
Seat 4: NosoVinci (€5.15 in chips) 
Seat 5: Txinarro69 (€7.37 in chips) 
Seat 6: Coldeu (€10 in chips) 
pipinoelbreve9: posts small blind €0.05
iurii machushak: posts big blind €0.10
*** HOLE CARDS ***
Dealt to pipinoelbreve9 [Tc 2s]
NosoVinci: folds 
Txinarro69: folds 
Coldeu: folds 
sylbern25: folds 
pipinoelbreve9: folds 
Uncalled bet (€0.05) returned to iurii machushak
iurii machushak collected €0.10 from pot
iurii machushak: doesn't show hand 
*** SUMMARY ***
Total pot €0.10 | Rake €0 
Seat 1: sylbern25 (button) folded before Flop (didn't bet)
Seat 2: pipinoelbreve9 (small blind) folded before Flop
Seat 3: iurii machushak (big blind) collected (€0.10)
Seat 4: NosoVinci folded before Flop (didn't bet)
Seat 5: Txinarro69 folded before Flop (didn't bet)
Seat 6: Coldeu folded before Flop (didn't bet)



PokerStars Zoom Hand #258218278304:  Hold'em No Limit (€0.05/€0.10) - 2025/10/22 10:03:46 CET [2025/10/22 4:03:46 ET]
Table 'Caph' 6-max Seat #1 is the button
Seat 1: pipinoelbreve9 (€10.80 in chips) 
Seat 2: peterpunkkkk (€10.49 in chips) 
Seat 3: mkgon10 (€11.05 in chips) 
Seat 4: Coldeu (€10 in chips) 
Seat 5: NosoVinci (€5 in chips) 
Seat 6: JVN_100 (€7.84 in chips) 
peterpunkkkk: posts small blind €0.05
mkgon10: posts big blind €0.10
*** HOLE CARDS ***
Dealt to pipinoelbreve9 [Ts 9s]
Coldeu: folds 
NosoVinci: folds 
JVN_100: raises €0.13 to €0.23
pipinoelbreve9: calls €0.23
peterpunkkkk: folds 
mkgon10: calls €0.13
*** FLOP *** [Qc Jc 5d]
mkgon10: checks 
JVN_100: bets €0.35
pipinoelbreve9: calls €0.35
mkgon10: calls €0.35
*** TURN *** [Qc Jc 5d] [3c]
mkgon10: checks 
JVN_100: checks 
pipinoelbreve9: checks 
*** RIVER *** [Qc Jc 5d 3c] [6h]
mkgon10: checks 
JVN_100: bets €1.38
pipinoelbreve9: folds 
mkgon10: folds 
Uncalled bet (€1.38) returned to JVN_100
JVN_100 collected €1.70 from pot
JVN_100: doesn't show hand 
*** SUMMARY ***
Total pot €1.79 | Rake €0.09 
Board [Qc Jc 5d 3c 6h]
Seat 1: pipinoelbreve9 (button) folded on the River
Seat 2: peterpunkkkk (small blind) folded before Flop
Seat 3: mkgon10 (big blind) folded on the River
Seat 4: Coldeu folded before Flop (didn't bet)
Seat 5: NosoVinci folded before Flop (didn't bet)
Seat 6: JVN_100 collected (€1.70)



PokerStars Zoom Hand #258218284505:  Hold'em No Limit (€0.05/€0.10) - 2025/10/22 10:05:20 CET [2025/10/22 4:05:20 ET]
Table 'Caph' 6-max Seat #1 is the button
Seat 1: LeDom66 (€11.12 in chips) 
Seat 2: pipinoelbreve9 (€10.22 in chips) 
Seat 3: Heavengods (€14.76 in chips) 
Seat 4: bukowsky2010 (€10.31 in chips) 
Seat 5: iurii machushak (€10.25 in chips) 
Seat 6: MagicVodka08 (€19.50 in chips) 
pipinoelbreve9: posts small blind €0.05
Heavengods: posts big blind €0.10
*** HOLE CARDS ***
Dealt to pipinoelbreve9 [7c Jd]
bukowsky2010: folds 
iurii machushak: folds 
MagicVodka08: folds 
LeDom66: folds 
pipinoelbreve9: folds 
Uncalled bet (€0.05) returned to Heavengods
Heavengods collected €0.10 from pot
Heavengods: doesn't show hand 
*** SUMMARY ***
Total pot €0.10 | Rake €0 
Seat 1: LeDom66 (button) folded before Flop (didn't bet)
Seat 2: pipinoelbreve9 (small blind) folded before Flop
Seat 3: Heavengods (big blind) collected (€0.10)
Seat 4: bukowsky2010 folded before Flop (didn't bet)
Seat 5: iurii machushak folded before Flop (didn't bet)
Seat 6: MagicVodka08 folded before Flop (didn't bet)



PokerStars Zoom Hand #258218283956:  Hold'em No Limit (€0.05/€0.10) - 2025/10/22 10:05:12 CET [2025/10/22 4:05:12 ET]
Table 'Caph' 6-max Seat #1 is the button
Seat 1: iurii machushak (€10.61 in chips) 
Seat 2: Txinarro69 (€8.17 in chips) 
Seat 3: MagicVodka08 (€13.25 in chips) 
Seat 4: LeDom66 (€11.17 in chips) 
Seat 5: pipinoelbreve9 (€10.22 in chips) 
Seat 6: NosoVinci (€5.09 in chips) 
Txinarro69: posts small blind €0.05
MagicVodka08: posts big blind €0.10
*** HOLE CARDS ***
Dealt to pipinoelbreve9 [5s 6c]
LeDom66: folds 
pipinoelbreve9: folds 
NosoVinci: folds 
iurii machushak: raises €0.20 to €0.30
Txinarro69: calls €0.25
MagicVodka08: folds 
*** FLOP *** [6d Qc 9d]
Txinarro69: checks 
iurii machushak: checks 
*** TURN *** [6d Qc 9d] [Kd]
Txinarro69: checks 
iurii machushak: checks 
*** RIVER *** [6d Qc 9d Kd] [Ts]
Txinarro69: bets €0.66
iurii machushak: calls €0.66
*** SHOW DOWN ***
Txinarro69: shows [4d Ad] (a flush, Ace high)
iurii machushak: mucks hand 
Txinarro69 collected €1.92 from pot
*** SUMMARY ***
Total pot €2.02 | Rake €0.10 
Board [6d Qc 9d Kd Ts]
Seat 1: iurii machushak (button) mucked [Jh Js]
Seat 2: Txinarro69 (small blind) showed [4d Ad] and won (€1.92) with a flush, Ace high
Seat 3: MagicVodka08 (big blind) folded before Flop
Seat 4: LeDom66 folded before Flop (didn't bet)
Seat 5: pipinoelbreve9 folded before Flop (didn't bet)
Seat 6: NosoVinci folded before Flop (didn't bet)



PokerStars Zoom Hand #258218285670:  Hold'em No Limit (€0.05/€0.10) - 2025/10/22 10:05:38 CET [2025/10/22 4:05:38 ET]
Table 'Caph' 6-max Seat #1 is the button
Seat 1: pipinoelbreve9 (€10.07 in chips) 
Seat 2: JVN_100 (€8.86 in chips) 
Seat 3: iurii machushak (€10.66 in chips) 
Seat 4: NosoVinci (€5.04 in chips) 
Seat 5: Coldeu (€14.25 in chips) 
JVN_100: posts small blind €0.05
iurii machushak: posts big blind €0.10
*** HOLE CARDS ***
Dealt to pipinoelbreve9 [As Ad]
NosoVinci: folds 
Coldeu: folds 
pipinoelbreve9: raises €0.15 to €0.25
JVN_100: folds 
iurii machushak: folds 
Uncalled bet (€0.15) returned to pipinoelbreve9
pipinoelbreve9 collected €0.25 from pot
pipinoelbreve9: doesn't show hand 
*** SUMMARY ***
Total pot €0.25 | Rake €0 
Seat 1: pipinoelbreve9 (button) collected (€0.25)
Seat 2: JVN_100 (small blind) folded before Flop
Seat 3: iurii machushak (big blind) folded before Flop
Seat 4: NosoVinci folded before Flop (didn't bet)
Seat 5: Coldeu folded before Flop (didn't bet)



PokerStars Zoom Hand #258218284926:  Hold'em No Limit (€0.05/€0.10) - 2025/10/22 10:05:26 CET [2025/10/22 4:05:26 ET]
Table 'Caph' 6-max Seat #1 is the button
Seat 1: iurii machushak (€10.66 in chips) 
Seat 2: NosoVinci (€5.09 in chips) 
Seat 3: pipinoelbreve9 (€10.17 in chips) 
Seat 4: MagicVodka08 (€13.15 in chips) 
Seat 5: jayKOdee (€14.43 in chips) 
Seat 6: peterpunkkkk (€10.34 in chips) 
NosoVinci: posts small blind €0.05
pipinoelbreve9: posts big blind €0.10
*** HOLE CARDS ***
Dealt to pipinoelbreve9 [9c 7d]
MagicVodka08: raises €0.15 to €0.25
jayKOdee: folds 
peterpunkkkk: raises €0.65 to €0.90
iurii machushak: folds 
NosoVinci: folds 
pipinoelbreve9: folds 
MagicVodka08: calls €0.65
*** FLOP *** [Tc 3d 3c]
MagicVodka08: checks 
peterpunkkkk: bets €0.61
MagicVodka08: folds 
Uncalled bet (€0.61) returned to peterpunkkkk
peterpunkkkk collected €1.85 from pot
peterpunkkkk: doesn't show hand 
*** SUMMARY ***
Total pot €1.95 | Rake €0.10 
Board [Tc 3d 3c]
Seat 1: iurii machushak (button) folded before Flop (didn't bet)
Seat 2: NosoVinci (small blind) folded before Flop
Seat 3: pipinoelbreve9 (big blind) folded before Flop
Seat 4: MagicVodka08 folded on the Flop
Seat 5: jayKOdee folded before Flop (didn't bet)
Seat 6: peterpunkkkk collected (€1.85)



PokerStars Zoom Hand #258218286812:  Hold'em No Limit (€0.05/€0.10) - 2025/10/22 10:05:55 CET [2025/10/22 4:05:55 ET]
Table 'Caph' 6-max Seat #1 is the button
Seat 1: bombut81 (€7.55 in chips) 
Seat 2: LeDom66 (€10.97 in chips) 
Seat 3: pipinoelbreve9 (€10.22 in chips) 
Seat 4: peterpunkkkk (€10.15 in chips) 
Seat 5: iurii machushak (€10.51 in chips) 
LeDom66: posts small blind €0.05
pipinoelbreve9: posts big blind €0.10
*** HOLE CARDS ***
Dealt to pipinoelbreve9 [Jd Th]
peterpunkkkk: folds 
iurii machushak: folds 
bombut81: folds 
LeDom66: folds 
Uncalled bet (€0.05) returned to pipinoelbreve9
pipinoelbreve9 collected €0.10 from pot
pipinoelbreve9: doesn't show hand 
*** SUMMARY ***
Total pot €0.10 | Rake €0 
Seat 1: bombut81 (button) folded before Flop (didn't bet)
Seat 2: LeDom66 (small blind) folded before Flop
Seat 3: pipinoelbreve9 (big blind) collected (€0.10)
Seat 4: peterpunkkkk folded before Flop (didn't bet)
Seat 5: iurii machushak folded before Flop (didn't bet)



PokerStars Zoom Hand #258218286593:  Hold'em No Limit (€0.05/€0.10) - 2025/10/22 10:05:51 CET [2025/10/22 4:05:51 ET]
Table 'Caph' 6-max Seat #1 is the button
Seat 1: xameson (€5.97 in chips) 
Seat 2: iurii machushak (€10.56 in chips) 
Seat 3: mkgon10 (€10.42 in chips) 
Seat 4: pipinoelbreve9 (€10.22 in chips) 
Seat 5: Txinarro69 (€9.13 in chips) 
Seat 6: LeDom66 (€10.97 in chips) 
iurii machushak: posts small blind €0.05
mkgon10: posts big blind €0.10
*** HOLE CARDS ***
Dealt to pipinoelbreve9 [Qs 9s]
pipinoelbreve9: folds 
Txinarro69: calls €0.10
LeDom66: folds 
xameson: folds 
iurii machushak: folds 
mkgon10: checks 
*** FLOP *** [6s Ks 2s]
mkgon10: checks 
Txinarro69: bets €0.10
mkgon10: folds 
Uncalled bet (€0.10) returned to Txinarro69
Txinarro69 collected €0.24 from pot
Txinarro69: doesn't show hand 
*** SUMMARY ***
Total pot €0.25 | Rake €0.01 
Board [6s Ks 2s]
Seat 1: xameson (button) folded before Flop (didn't bet)
Seat 2: iurii machushak (small blind) folded before Flop
Seat 3: mkgon10 (big blind) folded on the Flop
Seat 4: pipinoelbreve9 folded before Flop (didn't bet)
Seat 5: Txinarro69 collected (€0.24)
Seat 6: LeDom66 folded before Flop (didn't bet)



PokerStars Zoom Hand #258218284237:  Hold'em No Limit (€0.05/€0.10) - 2025/10/22 10:05:16 CET [2025/10/22 4:05:16 ET]
Table 'Caph' 6-max Seat #1 is the button
Seat 1: iurii machushak (€10.66 in chips) 
Seat 2: goaton (€5.44 in chips) 
Seat 3: bombut81 (€7.82 in chips) 
Seat 4: pipinoelbreve9 (€10.22 in chips) 
Seat 5: Coldeu (€10.55 in chips) 
Seat 6: NosoVinci (€5.37 in chips) 
goaton: posts small blind €0.05
bombut81: posts big blind €0.10
*** HOLE CARDS ***
Dealt to pipinoelbreve9 [Js 5h]
pipinoelbreve9: folds 
Coldeu: folds 
NosoVinci: raises €0.12 to €0.22
iurii machushak: folds 
goaton: calls €0.17
bombut81: calls €0.12
*** FLOP *** [Ks Th Qs]
goaton: bets €0.30
bombut81: folds 
NosoVinci: raises €1.25 to €1.55
goaton: calls €1.25
*** TURN *** [Ks Th Qs] [2h]
goaton: bets €0.30
NosoVinci: raises €3.30 to €3.60 and is all-in
goaton: calls €3.30
*** RIVER *** [Ks Th Qs 2h] [3c]
*** SHOW DOWN ***
goaton: shows [Kc Kh] (three of a kind, Kings)
NosoVinci: shows [Jh Ah] (a straight, Ten to Ace)
NosoVinci collected €10.41 from pot
*** SUMMARY ***
Total pot €10.96 | Rake €0.55 
Board [Ks Th Qs 2h 3c]
Seat 1: iurii machushak (button) folded before Flop (didn't bet)
Seat 2: goaton (small blind) showed [Kc Kh] and lost with three of a kind, Kings
Seat 3: bombut81 (big blind) folded on the Flop
Seat 4: pipinoelbreve9 folded before Flop (didn't bet)
Seat 5: Coldeu folded before Flop (didn't bet)
Seat 6: NosoVinci showed [Jh Ah] and won (€10.41) with a straight, Ten to Ace



PokerStars Zoom Hand #258218287385:  Hold'em No Limit (€0.05/€0.10) - 2025/10/22 10:06:03 CET [2025/10/22 4:06:03 ET]
Table 'Caph' 6-max Seat #1 is the button
Seat 1: xameson (€5.97 in chips) 
Seat 2: piethok (€10.59 in chips) 
Seat 3: JVN_100 (€32.41 in chips) 
Seat 4: peterpunkkkk (€10.15 in chips) 
Seat 5: LeDom66 (€10.92 in chips) 
Seat 6: pipinoelbreve9 (€10.27 in chips) 
piethok: posts small blind €0.05
JVN_100: posts big blind €0.10
*** HOLE CARDS ***
Dealt to pipinoelbreve9 [2h 2s]
peterpunkkkk: folds 
LeDom66: folds 
pipinoelbreve9: raises €0.15 to €0.25
xameson: folds 
piethok: calls €0.20
JVN_100: calls €0.15
*** FLOP *** [Js Ts Kc]
piethok: checks 
JVN_100: checks 
pipinoelbreve9: checks 
*** TURN *** [Js Ts Kc] [Kd]
piethok: checks 
JVN_100: checks 
pipinoelbreve9: bets €0.23
piethok: calls €0.23
JVN_100: calls €0.23
*** RIVER *** [Js Ts Kc Kd] [7s]
piethok: bets €1.37
JVN_100: folds 
pipinoelbreve9: folds 
Uncalled bet (€1.37) returned to piethok
piethok collected €1.37 from pot
piethok: doesn't show hand 
*** SUMMARY ***
Total pot €1.44 | Rake €0.07 
Board [Js Ts Kc Kd 7s]
Seat 1: xameson (button) folded before Flop (didn't bet)
Seat 2: piethok (small blind) collected (€1.37)
Seat 3: JVN_100 (big blind) folded on the River
Seat 4: peterpunkkkk folded before Flop (didn't bet)
Seat 5: LeDom66 folded before Flop (didn't bet)
Seat 6: pipinoelbreve9 folded on the River



PokerStars Zoom Hand #258218293014:  Hold'em No Limit (€0.05/€0.10) - 2025/10/22 10:07:29 CET [2025/10/22 4:07:29 ET]
Table 'Caph' 6-max Seat #1 is the button
Seat 1: JVN_100 (€31.93 in chips) 
Seat 2: urbano1988 (€6.74 in chips) 
Seat 3: iBielsa (€7.19 in chips) 
Seat 4: peterpunkkkk (€10.92 in chips) 
Seat 5: pipinoelbreve9 (€10 in chips) 
urbano1988: posts small blind €0.05
iBielsa: posts big blind €0.10
*** HOLE CARDS ***
Dealt to pipinoelbreve9 [2s 4h]
peterpunkkkk: folds 
pipinoelbreve9: folds 
JVN_100: folds 
urbano1988: folds 
Uncalled bet (€0.05) returned to iBielsa
iBielsa collected €0.10 from pot
iBielsa: doesn't show hand 
*** SUMMARY ***
Total pot €0.10 | Rake €0 
Seat 1: JVN_100 (button) folded before Flop (didn't bet)
Seat 2: urbano1988 (small blind) folded before Flop
Seat 3: iBielsa (big blind) collected (€0.10)
Seat 4: peterpunkkkk folded before Flop (didn't bet)
Seat 5: pipinoelbreve9 folded before Flop (didn't bet)



PokerStars Zoom Hand #258218292645:  Hold'em No Limit (€0.05/€0.10) - 2025/10/22 10:07:24 CET [2025/10/22 4:07:24 ET]
Table 'Caph' 6-max Seat #1 is the button
Seat 1: bombut81 (€8.08 in chips) 
Seat 2: jayKOdee (€12.74 in chips) 
Seat 3: 8Kraken88 (€9.85 in chips) 
Seat 4: Txinarro69 (€8.62 in chips) 
Seat 5: Heavengods (€15.29 in chips) 
Seat 6: pipinoelbreve9 (€10 in chips) 
jayKOdee: posts small blind €0.05
8Kraken88: posts big blind €0.10
*** HOLE CARDS ***
Dealt to pipinoelbreve9 [5d 4c]
Txinarro69: calls €0.10
Heavengods: folds 
pipinoelbreve9: folds 
bombut81: raises €0.20 to €0.30
jayKOdee: folds 
8Kraken88: folds 
Txinarro69: calls €0.20
*** FLOP *** [4h 9h 4s]
Txinarro69: checks 
bombut81: checks 
*** TURN *** [4h 9h 4s] [Qc]
Txinarro69: checks 
bombut81: bets €0.30
Txinarro69: calls €0.30
*** RIVER *** [4h 9h 4s Qc] [2s]
Txinarro69: checks 
bombut81: checks 
*** SHOW DOWN ***
Txinarro69: shows [9d 9s] (a full house, Nines full of Fours)
bombut81: mucks hand 
Txinarro69 collected €1.28 from pot
*** SUMMARY ***
Total pot €1.35 | Rake €0.07 
Board [4h 9h 4s Qc 2s]
Seat 1: bombut81 (button) mucked [Js Kc]
Seat 2: jayKOdee (small blind) folded before Flop
Seat 3: 8Kraken88 (big blind) folded before Flop
Seat 4: Txinarro69 showed [9d 9s] and won (€1.28) with a full house, Nines full of Fours
Seat 5: Heavengods folded before Flop (didn't bet)
Seat 6: pipinoelbreve9 folded before Flop (didn't bet)



PokerStars Zoom Hand #258218293321:  Hold'em No Limit (€0.05/€0.10) - 2025/10/22 10:07:34 CET [2025/10/22 4:07:34 ET]
Table 'Caph' 6-max Seat #1 is the button
Seat 1: pipinoelbreve9 (€10 in chips) 
Seat 2: mkgon10 (€10.12 in chips) 
Seat 3: jayKOdee (€12.69 in chips) 
Seat 4: peterpunkkkk (€11.71 in chips) 
Seat 5: 8Kraken88 (€9.75 in chips) 
mkgon10: posts small blind €0.05
jayKOdee: posts big blind €0.10
*** HOLE CARDS ***
Dealt to pipinoelbreve9 [Kd Qs]
peterpunkkkk: folds 
8Kraken88: folds 
pipinoelbreve9: raises €0.15 to €0.25
mkgon10 is disconnected 
mkgon10: calls €0.20
jayKOdee: folds 
*** FLOP *** [3s Ah Jc]
mkgon10: checks 
pipinoelbreve9: bets €0.19
mkgon10: calls €0.19
*** TURN *** [3s Ah Jc] [5d]
mkgon10: checks 
pipinoelbreve9: checks 
*** RIVER *** [3s Ah Jc 5d] [Td]
mkgon10: bets €0.47
pipinoelbreve9: raises €1.23 to €1.70
mkgon10: folds 
Uncalled bet (€1.23) returned to pipinoelbreve9
pipinoelbreve9 collected €1.82 from pot
pipinoelbreve9: doesn't show hand 
*** SUMMARY ***
Total pot €1.92 | Rake €0.10 
Board [3s Ah Jc 5d Td]
Seat 1: pipinoelbreve9 (button) collected (€1.82)
Seat 2: mkgon10 (small blind) folded on the River
Seat 3: jayKOdee (big blind) folded before Flop
Seat 4: peterpunkkkk folded before Flop (didn't bet)
Seat 5: 8Kraken88 folded before Flop (didn't bet)



PokerStars Zoom Hand #258218291786:  Hold'em No Limit (€0.05/€0.10) - 2025/10/22 10:07:11 CET [2025/10/22 4:07:11 ET]
Table 'Caph' 6-max Seat #1 is the button
Seat 1: MagicVodka08 (€12.25 in chips) 
Seat 2: pipinoelbreve9 (€10 in chips) 
Seat 3: peterpunkkkk (€10.30 in chips) 
Seat 4: NosoVinci (€5 in chips) 
Seat 5: iurii machushak (€10.95 in chips) 
Seat 6: jayKOdee (€12.74 in chips) 
pipinoelbreve9: posts small blind €0.05
peterpunkkkk: posts big blind €0.10
*** HOLE CARDS ***
Dealt to pipinoelbreve9 [3d Jc]
iurii machushak is disconnected 
NosoVinci: folds 
iurii machushak has timed out while disconnected
iurii machushak: folds 
jayKOdee: folds 
MagicVodka08: raises €0.15 to €0.25
pipinoelbreve9: folds 
peterpunkkkk: calls €0.15
*** FLOP *** [9s 6s Kc]
peterpunkkkk: checks 
MagicVodka08: bets €0.16
peterpunkkkk: calls €0.16
*** TURN *** [9s 6s Kc] [3h]
peterpunkkkk: checks 
MagicVodka08: bets €0.74
peterpunkkkk: calls €0.74
*** RIVER *** [9s 6s Kc 3h] [2d]
peterpunkkkk: checks 
MagicVodka08: bets €1.60
peterpunkkkk: calls €1.60
*** SHOW DOWN ***
MagicVodka08: shows [Ks Jh] (a pair of Kings)
peterpunkkkk: mucks hand 
MagicVodka08 collected €5.27 from pot
*** SUMMARY ***
Total pot €5.55 | Rake €0.28 
Board [9s 6s Kc 3h 2d]
Seat 1: MagicVodka08 (button) showed [Ks Jh] and won (€5.27) with a pair of Kings
Seat 2: pipinoelbreve9 (small blind) folded before Flop
Seat 3: peterpunkkkk (big blind) mucked [Kh 8s]
Seat 4: NosoVinci folded before Flop (didn't bet)
Seat 5: iurii machushak folded before Flop (didn't bet)
Seat 6: jayKOdee folded before Flop (didn't bet)



PokerStars Zoom Hand #258218296506:  Hold'em No Limit (€0.05/€0.10) - 2025/10/22 10:08:24 CET [2025/10/22 4:08:24 ET]
Table 'Caph' 6-max Seat #1 is the button
Seat 1: iurii machushak (€10.90 in chips) 
Seat 2: ArchiBolding (€10 in chips) 
Seat 3: NosoVinci (€5 in chips) 
Seat 4: peterpunkkkk (€10.87 in chips) 
Seat 5: pipinoelbreve9 (€10.86 in chips) 
Seat 6: jayKOdee (€9.70 in chips) 
ArchiBolding: posts small blind €0.05
NosoVinci: posts big blind €0.10
*** HOLE CARDS ***
Dealt to pipinoelbreve9 [4d 5s]
peterpunkkkk: folds 
pipinoelbreve9: folds 
jayKOdee: folds 
iurii machushak: folds 
ArchiBolding: folds 
Uncalled bet (€0.05) returned to NosoVinci
NosoVinci collected €0.10 from pot
NosoVinci: doesn't show hand 
*** SUMMARY ***
Total pot €0.10 | Rake €0 
Seat 1: iurii machushak (button) folded before Flop (didn't bet)
Seat 2: ArchiBolding (small blind) folded before Flop
Seat 3: NosoVinci (big blind) collected (€0.10)
Seat 4: peterpunkkkk folded before Flop (didn't bet)
Seat 5: pipinoelbreve9 folded before Flop (didn't bet)
Seat 6: jayKOdee folded before Flop (didn't bet)



PokerStars Zoom Hand #258218296726:  Hold'em No Limit (€0.05/€0.10) - 2025/10/22 10:08:28 CET [2025/10/22 4:08:28 ET]
Table 'Caph' 6-max Seat #1 is the button
Seat 1: ArchiBolding (€10 in chips) 
Seat 2: urbano1988 (€4.63 in chips) 
Seat 3: pipinoelbreve9 (€10.86 in chips) 
Seat 4: MagicVodka08 (€21.09 in chips) 
Seat 5: duasin (€10.32 in chips) 
Seat 6: xameson (€5.84 in chips) 
urbano1988: posts small blind €0.05
pipinoelbreve9: posts big blind €0.10
*** HOLE CARDS ***
Dealt to pipinoelbreve9 [3h Jc]
MagicVodka08: folds 
duasin: folds 
xameson: raises €0.20 to €0.30
ArchiBolding: folds 
urbano1988: raises €0.20 to €0.50
pipinoelbreve9: folds 
xameson: folds 
Uncalled bet (€0.20) returned to urbano1988
urbano1988 collected €0.70 from pot
urbano1988: doesn't show hand 
*** SUMMARY ***
Total pot €0.70 | Rake €0 
Seat 1: ArchiBolding (button) folded before Flop (didn't bet)
Seat 2: urbano1988 (small blind) collected (€0.70)
Seat 3: pipinoelbreve9 (big blind) folded before Flop
Seat 4: MagicVodka08 folded before Flop (didn't bet)
Seat 5: duasin folded before Flop (didn't bet)
Seat 6: xameson folded before Flop



PokerStars Zoom Hand #258218297422:  Hold'em No Limit (€0.05/€0.10) - 2025/10/22 10:08:38 CET [2025/10/22 4:08:38 ET]
Table 'Caph' 6-max Seat #1 is the button
Seat 1: pipinoelbreve9 (€10.76 in chips) 
Seat 2: Pierre3640 (€7.17 in chips) 
Seat 3: JVN_100 (€32.57 in chips) 
Seat 4: duasin (€10.32 in chips) 
Seat 5: iurii machushak (€10.90 in chips) 
Seat 6: rodpocketK (€10.17 in chips) 
Pierre3640: posts small blind €0.05
JVN_100: posts big blind €0.10
*** HOLE CARDS ***
Dealt to pipinoelbreve9 [6c 4c]
duasin: folds 
iurii machushak: folds 
rodpocketK: folds 
pipinoelbreve9: folds 
Pierre3640: folds 
Uncalled bet (€0.05) returned to JVN_100
JVN_100 collected €0.10 from pot
JVN_100: doesn't show hand 
*** SUMMARY ***
Total pot €0.10 | Rake €0 
Seat 1: pipinoelbreve9 (button) folded before Flop (didn't bet)
Seat 2: Pierre3640 (small blind) folded before Flop
Seat 3: JVN_100 (big blind) collected (€0.10)
Seat 4: duasin folded before Flop (didn't bet)
Seat 5: iurii machushak folded before Flop (didn't bet)
Seat 6: rodpocketK folded before Flop (didn't bet)



PokerStars Zoom Hand #258218295962:  Hold'em No Limit (€0.05/€0.10) - 2025/10/22 10:08:16 CET [2025/10/22 4:08:16 ET]
Table 'Caph' 6-max Seat #1 is the button
Seat 1: rodpocketK (€10 in chips) 
Seat 2: piethok (€11.81 in chips) 
Seat 3: leobcn9 (€10 in chips) 
Seat 4: pipinoelbreve9 (€10.91 in chips) 
Seat 5: NosoVinci (€5.50 in chips) 
Seat 6: urbano1988 (€4.63 in chips) 
piethok: posts small blind €0.05
leobcn9: posts big blind €0.10
*** HOLE CARDS ***
Dealt to pipinoelbreve9 [2s 9s]
pipinoelbreve9: folds 
NosoVinci: raises €0.10 to €0.20
urbano1988: folds 
rodpocketK: folds 
piethok: calls €0.15
leobcn9: folds 
*** FLOP *** [Ks 6s 3s]
piethok: bets €0.20
NosoVinci: folds 
Uncalled bet (€0.20) returned to piethok
piethok collected €0.48 from pot
piethok: doesn't show hand 
*** SUMMARY ***
Total pot €0.50 | Rake €0.02 
Board [Ks 6s 3s]
Seat 1: rodpocketK (button) folded before Flop (didn't bet)
Seat 2: piethok (small blind) collected (€0.48)
Seat 3: leobcn9 (big blind) folded before Flop
Seat 4: pipinoelbreve9 folded before Flop (didn't bet)
Seat 5: NosoVinci folded on the Flop
Seat 6: urbano1988 folded before Flop (didn't bet)



PokerStars Zoom Hand #258218298079:  Hold'em No Limit (€0.05/€0.10) - 2025/10/22 10:08:48 CET [2025/10/22 4:08:48 ET]
Table 'Caph' 6-max Seat #1 is the button
Seat 1: jayKOdee (€12.69 in chips) 
Seat 2: NosoVinci (€5.05 in chips) 
Seat 3: Split2902 (€10 in chips) 
Seat 4: iurii machushak (€10.52 in chips) 
Seat 5: duasin (€10 in chips) 
Seat 6: pipinoelbreve9 (€10.76 in chips) 
NosoVinci: posts small blind €0.05
Split2902: posts big blind €0.10
*** HOLE CARDS ***
Dealt to pipinoelbreve9 [Js 9d]
iurii machushak: folds 
duasin: raises €0.15 to €0.25
pipinoelbreve9: folds 
jayKOdee: folds 
NosoVinci: folds 
Split2902: folds 
Uncalled bet (€0.15) returned to duasin
duasin collected €0.25 from pot
duasin: doesn't show hand 
*** SUMMARY ***
Total pot €0.25 | Rake €0 
Seat 1: jayKOdee (button) folded before Flop (didn't bet)
Seat 2: NosoVinci (small blind) folded before Flop
Seat 3: Split2902 (big blind) folded before Flop
Seat 4: iurii machushak folded before Flop (didn't bet)
Seat 5: duasin collected (€0.25)
Seat 6: pipinoelbreve9 folded before Flop (didn't bet)



PokerStars Zoom Hand #258218296182:  Hold'em No Limit (€0.05/€0.10) - 2025/10/22 10:08:19 CET [2025/10/22 4:08:19 ET]
Table 'Caph' 6-max Seat #1 is the button
Seat 1: jayKOdee (€9.70 in chips) 
Seat 2: pipinoelbreve9 (€10.91 in chips) 
Seat 3: LeDom66 (€10 in chips) 
Seat 4: iurii machushak (€10.90 in chips) 
Seat 5: peterpunkkkk (€10.87 in chips) 
Seat 6: duasin (€13.29 in chips) 
pipinoelbreve9: posts small blind €0.05
LeDom66: posts big blind €0.10
*** HOLE CARDS ***
Dealt to pipinoelbreve9 [4c 2d]
iurii machushak: folds 
peterpunkkkk: folds 
duasin: raises €0.15 to €0.25
jayKOdee: folds 
pipinoelbreve9: folds 
LeDom66: calls €0.15
*** FLOP *** [2c 6c 4d]
LeDom66: checks 
duasin: checks 
*** TURN *** [2c 6c 4d] [Td]
LeDom66: checks 
duasin: bets €0.88
LeDom66: folds 
Uncalled bet (€0.88) returned to duasin
duasin collected €0.52 from pot
duasin: doesn't show hand 
*** SUMMARY ***
Total pot €0.55 | Rake €0.03 
Board [2c 6c 4d Td]
Seat 1: jayKOdee (button) folded before Flop (didn't bet)
Seat 2: pipinoelbreve9 (small blind) folded before Flop
Seat 3: LeDom66 (big blind) folded on the Turn
Seat 4: iurii machushak folded before Flop (didn't bet)
Seat 5: peterpunkkkk folded before Flop (didn't bet)
Seat 6: duasin collected (€0.52)



PokerStars Zoom Hand #258218298357:  Hold'em No Limit (€0.05/€0.10) - 2025/10/22 10:08:52 CET [2025/10/22 4:08:52 ET]
Table 'Caph' 6-max Seat #1 is the button
Seat 1: xameson (€5.49 in chips) 
Seat 2: pipinoelbreve9 (€10.76 in chips) 
Seat 3: ArchiBolding (€10 in chips) 
Seat 4: jayKOdee (€12.69 in chips) 
Seat 5: JVN_100 (€32.62 in chips) 
Seat 6: iurii machushak (€10.52 in chips) 
pipinoelbreve9: posts small blind €0.05
ArchiBolding: posts big blind €0.10
*** HOLE CARDS ***
Dealt to pipinoelbreve9 [Ts 8d]
jayKOdee: folds 
JVN_100: folds 
iurii machushak: raises €0.40 to €0.50
xameson: folds 
pipinoelbreve9: folds 
ArchiBolding: folds 
Uncalled bet (€0.40) returned to iurii machushak
iurii machushak collected €0.25 from pot
iurii machushak: doesn't show hand 
*** SUMMARY ***
Total pot €0.25 | Rake €0 
Seat 1: xameson (button) folded before Flop (didn't bet)
Seat 2: pipinoelbreve9 (small blind) folded before Flop
Seat 3: ArchiBolding (big blind) folded before Flop
Seat 4: jayKOdee folded before Flop (didn't bet)
Seat 5: JVN_100 folded before Flop (didn't bet)
Seat 6: iurii machushak collected (€0.25)



PokerStars Zoom Hand #258218299188:  Hold'em No Limit (€0.05/€0.10) - 2025/10/22 10:09:05 CET [2025/10/22 4:09:05 ET]
Table 'Caph' 6-max Seat #1 is the button
Seat 1: LeDom66 (€10 in chips) 
Seat 2: Split2902 (€10 in chips) 
Seat 3: pipinoelbreve9 (€10.71 in chips) 
Seat 4: urbano1988 (€4.93 in chips) 
Seat 5: jayKOdee (€12.69 in chips) 
Seat 6: JVN_100 (€8.25 in chips) 
Split2902: posts small blind €0.05
pipinoelbreve9: posts big blind €0.10
*** HOLE CARDS ***
Dealt to pipinoelbreve9 [Td 5s]
urbano1988: folds 
jayKOdee: folds 
JVN_100: folds 
LeDom66: folds 
Split2902: raises €0.35 to €0.45
pipinoelbreve9: folds 
Uncalled bet (€0.35) returned to Split2902
Split2902 collected €0.20 from pot
Split2902: doesn't show hand 
*** SUMMARY ***
Total pot €0.20 | Rake €0 
Seat 1: LeDom66 (button) folded before Flop (didn't bet)
Seat 2: Split2902 (small blind) collected (€0.20)
Seat 3: pipinoelbreve9 (big blind) folded before Flop
Seat 4: urbano1988 folded before Flop (didn't bet)
Seat 5: jayKOdee folded before Flop (didn't bet)
Seat 6: JVN_100 folded before Flop (didn't bet)



PokerStars Zoom Hand #258218297255:  Hold'em No Limit (€0.05/€0.10) - 2025/10/22 10:08:35 CET [2025/10/22 4:08:35 ET]
Table 'Caph' 6-max Seat #1 is the button
Seat 1: NosoVinci (€5.05 in chips) 
Seat 2: peterpunkkkk (€10 in chips) 
Seat 3: iurii machushak (€10 in chips) 
Seat 4: pipinoelbreve9 (€10.76 in chips) 
Seat 5: jayKOdee (€9.70 in chips) 
Seat 6: duasin (€10 in chips) 
peterpunkkkk: posts small blind €0.05
iurii machushak: posts big blind €0.10
*** HOLE CARDS ***
Dealt to pipinoelbreve9 [4h Js]
pipinoelbreve9: folds 
jayKOdee: folds 
duasin: folds 
NosoVinci: folds 
peterpunkkkk: raises €0.15 to €0.25
iurii machushak: calls €0.15
*** FLOP *** [Td 6s Ac]
peterpunkkkk: checks 
iurii machushak: bets €0.48
peterpunkkkk: calls €0.48
*** TURN *** [Td 6s Ac] [Qd]
peterpunkkkk: checks 
iurii machushak: checks 
*** RIVER *** [Td 6s Ac Qd] [5c]
peterpunkkkk: bets €1.30
iurii machushak: folds 
Uncalled bet (€1.30) returned to peterpunkkkk
peterpunkkkk collected €1.39 from pot
peterpunkkkk: doesn't show hand 
*** SUMMARY ***
Total pot €1.46 | Rake €0.07 
Board [Td 6s Ac Qd 5c]
Seat 1: NosoVinci (button) folded before Flop (didn't bet)
Seat 2: peterpunkkkk (small blind) collected (€1.39)
Seat 3: iurii machushak (big blind) folded on the River
Seat 4: pipinoelbreve9 folded before Flop (didn't bet)
Seat 5: jayKOdee folded before Flop (didn't bet)
Seat 6: duasin folded before Flop (didn't bet)



PokerStars Zoom Hand #258218297880:  Hold'em No Limit (€0.05/€0.10) - 2025/10/22 10:08:45 CET [2025/10/22 4:08:45 ET]
Table 'Caph' 6-max Seat #1 is the button
Seat 1: grandpa83000 (€8.93 in chips) 
Seat 2: MagicVodka08 (€14.82 in chips) 
Seat 3: NosoVinci (€5.15 in chips) 
Seat 4: pipinoelbreve9 (€10.76 in chips) 
Seat 5: rodpocketK (€10.17 in chips) 
Seat 6: Pierre3640 (€7.12 in chips) 
MagicVodka08: posts small blind €0.05
NosoVinci: posts big blind €0.10
*** HOLE CARDS ***
Dealt to pipinoelbreve9 [2c 7c]
pipinoelbreve9: folds 
rodpocketK: folds 
Pierre3640: calls €0.10
grandpa83000: folds 
MagicVodka08: raises €0.30 to €0.40
NosoVinci: folds 
Pierre3640: calls €0.30
*** FLOP *** [Kd Th 3h]
MagicVodka08: bets €0.22
Pierre3640: calls €0.22
*** TURN *** [Kd Th 3h] [Ks]
MagicVodka08: bets €0.45
Pierre3640: calls €0.45
*** RIVER *** [Kd Th 3h Ks] [Kh]
MagicVodka08: checks 
Pierre3640: bets €1.07
MagicVodka08: calls €1.07
*** SHOW DOWN ***
Pierre3640: shows [Td 9s] (a full house, Kings full of Tens)
MagicVodka08: mucks hand 
Pierre3640 collected €4.16 from pot
*** SUMMARY ***
Total pot €4.38 | Rake €0.22 
Board [Kd Th 3h Ks Kh]
Seat 1: grandpa83000 (button) folded before Flop (didn't bet)
Seat 2: MagicVodka08 (small blind) mucked [3s As]
Seat 3: NosoVinci (big blind) folded before Flop
Seat 4: pipinoelbreve9 folded before Flop (didn't bet)
Seat 5: rodpocketK folded before Flop (didn't bet)
Seat 6: Pierre3640 showed [Td 9s] and won (€4.16) with a full house, Kings full of Tens



PokerStars Zoom Hand #258218300441:  Hold'em No Limit (€0.05/€0.10) - 2025/10/22 10:09:24 CET [2025/10/22 4:09:24 ET]
Table 'Caph' 6-max Seat #1 is the button
Seat 1: Split2902 (€10 in chips) 
Seat 2: mkgon10 (€8.97 in chips) 
Seat 3: duasin (€10.27 in chips) 
Seat 4: peterpunkkkk (€16.68 in chips) 
Seat 5: pipinoelbreve9 (€10.61 in chips) 
Seat 6: LeDom66 (€10 in chips) 
mkgon10: posts small blind €0.05
duasin: posts big blind €0.10
*** HOLE CARDS ***
Dealt to pipinoelbreve9 [7s Tc]
mkgon10 is disconnected 
peterpunkkkk: folds 
pipinoelbreve9: folds 
LeDom66: raises €0.15 to €0.25
Split2902: folds 
mkgon10: folds 
duasin: calls €0.15
*** FLOP *** [Js Ks 7d]
duasin: checks 
LeDom66: bets €0.36
duasin: folds 
Uncalled bet (€0.36) returned to LeDom66
LeDom66 collected €0.52 from pot
LeDom66: doesn't show hand 
*** SUMMARY ***
Total pot €0.55 | Rake €0.03 
Board [Js Ks 7d]
Seat 1: Split2902 (button) folded before Flop (didn't bet)
Seat 2: mkgon10 (small blind) folded before Flop
Seat 3: duasin (big blind) folded on the Flop
Seat 4: peterpunkkkk folded before Flop (didn't bet)
Seat 5: pipinoelbreve9 folded before Flop (didn't bet)
Seat 6: LeDom66 collected (€0.52)



PokerStars Zoom Hand #258218300798:  Hold'em No Limit (€0.05/€0.10) - 2025/10/22 10:09:29 CET [2025/10/22 4:09:29 ET]
Table 'Caph' 6-max Seat #1 is the button
Seat 1: pipinoelbreve9 (€10.61 in chips) 
Seat 2: jayKOdee (€12.96 in chips) 
Seat 3: NIHHIL0 (€10 in chips) 
Seat 4: iurii machushak (€10.75 in chips) 
Seat 5: MagicVodka08 (€12.68 in chips) 
Seat 6: 8Kraken88 (€8.96 in chips) 
jayKOdee: posts small blind €0.05
NIHHIL0: posts big blind €0.10
*** HOLE CARDS ***
Dealt to pipinoelbreve9 [Td Qh]
iurii machushak: calls €0.10
MagicVodka08: folds 
8Kraken88: folds 
pipinoelbreve9: calls €0.10
jayKOdee: folds 
NIHHIL0: raises €0.35 to €0.45
iurii machushak: folds 
pipinoelbreve9: folds 
Uncalled bet (€0.35) returned to NIHHIL0
NIHHIL0 collected €0.35 from pot
NIHHIL0: doesn't show hand 
*** SUMMARY ***
Total pot €0.35 | Rake €0 
Seat 1: pipinoelbreve9 (button) folded before Flop
Seat 2: jayKOdee (small blind) folded before Flop
Seat 3: NIHHIL0 (big blind) collected (€0.35)
Seat 4: iurii machushak folded before Flop
Seat 5: MagicVodka08 folded before Flop (didn't bet)
Seat 6: 8Kraken88 folded before Flop (didn't bet)



PokerStars Zoom Hand #258218302318:  Hold'em No Limit (€0.05/€0.10) - 2025/10/22 10:09:53 CET [2025/10/22 4:09:53 ET]
Table 'Caph' 6-max Seat #1 is the button
Seat 1: peterpunkkkk (€11.74 in chips) 
Seat 2: duasin (€13.46 in chips) 
Seat 3: pipinoelbreve9 (€10.51 in chips) 
Seat 4: Heavengods (€14.12 in chips) 
Seat 5: rodpocketK (€10.32 in chips) 
Seat 6: NosoVinci (€9.69 in chips) 
duasin: posts small blind €0.05
pipinoelbreve9: posts big blind €0.10
*** HOLE CARDS ***
Dealt to pipinoelbreve9 [Tc Th]
Heavengods: folds 
rodpocketK: folds 
NosoVinci: folds 
peterpunkkkk: folds 
duasin: folds 
Uncalled bet (€0.05) returned to pipinoelbreve9
pipinoelbreve9 collected €0.10 from pot
pipinoelbreve9: doesn't show hand 
*** SUMMARY ***
Total pot €0.10 | Rake €0 
Seat 1: peterpunkkkk (button) folded before Flop (didn't bet)
Seat 2: duasin (small blind) folded before Flop
Seat 3: pipinoelbreve9 (big blind) collected (€0.10)
Seat 4: Heavengods folded before Flop (didn't bet)
Seat 5: rodpocketK folded before Flop (didn't bet)
Seat 6: NosoVinci folded before Flop (didn't bet)



PokerStars Zoom Hand #258218302114:  Hold'em No Limit (€0.05/€0.10) - 2025/10/22 10:09:49 CET [2025/10/22 4:09:49 ET]
Table 'Caph' 6-max Seat #1 is the button
Seat 1: peterpunkkkk (€10.66 in chips) 
Seat 2: NosoVinci (€5 in chips) 
Seat 3: duasin (€10.07 in chips) 
Seat 4: pipinoelbreve9 (€10.51 in chips) 
Seat 5: Split2902 (€10 in chips) 
Seat 6: piethok (€10 in chips) 
NosoVinci: posts small blind €0.05
duasin: posts big blind €0.10
*** HOLE CARDS ***
Dealt to pipinoelbreve9 [3h Jd]
pipinoelbreve9: folds 
Split2902: raises €0.15 to €0.25
piethok: folds 
peterpunkkkk: folds 
NosoVinci: raises €0.70 to €0.95
duasin: folds 
Split2902: folds 
Uncalled bet (€0.70) returned to NosoVinci
NosoVinci collected €0.60 from pot
NosoVinci: doesn't show hand 
*** SUMMARY ***
Total pot €0.60 | Rake €0 
Seat 1: peterpunkkkk (button) folded before Flop (didn't bet)
Seat 2: NosoVinci (small blind) collected (€0.60)
Seat 3: duasin (big blind) folded before Flop
Seat 4: pipinoelbreve9 folded before Flop (didn't bet)
Seat 5: Split2902 folded before Flop
Seat 6: piethok folded before Flop (didn't bet)



PokerStars Zoom Hand #258218303544:  Hold'em No Limit (€0.05/€0.10) - 2025/10/22 10:10:11 CET [2025/10/22 4:10:11 ET]
Table 'Caph' 6-max Seat #1 is the button
Seat 1: canter1n (€7.90 in chips) 
Seat 2: 8Kraken88 (€9.11 in chips) 
Seat 3: peterpunkkkk (€10.49 in chips) 
Seat 4: piethok (€10 in chips) 
Seat 5: duasin (€10.02 in chips) 
Seat 6: pipinoelbreve9 (€10.56 in chips) 
8Kraken88: posts small blind €0.05
peterpunkkkk: posts big blind €0.10
*** HOLE CARDS ***
Dealt to pipinoelbreve9 [8c 6h]
piethok: folds 
duasin: folds 
pipinoelbreve9: folds 
canter1n: folds 
8Kraken88: calls €0.05
peterpunkkkk: checks 
*** FLOP *** [Kc 3s 7h]
8Kraken88: checks 
peterpunkkkk: bets €0.10
8Kraken88: calls €0.10
*** TURN *** [Kc 3s 7h] [Js]
8Kraken88: checks 
peterpunkkkk: checks 
*** RIVER *** [Kc 3s 7h Js] [Qh]
8Kraken88: bets €0.13
peterpunkkkk: folds 
Uncalled bet (€0.13) returned to 8Kraken88
8Kraken88 collected €0.38 from pot
8Kraken88: doesn't show hand 
*** SUMMARY ***
Total pot €0.40 | Rake €0.02 
Board [Kc 3s 7h Js Qh]
Seat 1: canter1n (button) folded before Flop (didn't bet)
Seat 2: 8Kraken88 (small blind) collected (€0.38)
Seat 3: peterpunkkkk (big blind) folded on the River
Seat 4: piethok folded before Flop (didn't bet)
Seat 5: duasin folded before Flop (didn't bet)
Seat 6: pipinoelbreve9 folded before Flop (didn't bet)



PokerStars Zoom Hand #258218304276:  Hold'em No Limit (€0.05/€0.10) - 2025/10/22 10:10:22 CET [2025/10/22 4:10:22 ET]
Table 'Caph' 6-max Seat #1 is the button
Seat 1: iurii machushak (€10.65 in chips) 
Seat 2: duasin (€10 in chips) 
Seat 3: peterpunkkkk (€10.66 in chips) 
Seat 4: urbano1988 (€4.33 in chips) 
Seat 5: pipinoelbreve9 (€10.56 in chips) 
Seat 6: JVN_100 (€32.47 in chips) 
duasin: posts small blind €0.05
peterpunkkkk: posts big blind €0.10
*** HOLE CARDS ***
Dealt to pipinoelbreve9 [6c Kc]
urbano1988: calls €0.10
pipinoelbreve9: raises €0.40 to €0.50
JVN_100: folds 
iurii machushak: folds 
duasin: folds 
peterpunkkkk: folds 
urbano1988: calls €0.40
*** FLOP *** [2h 9c 2c]
urbano1988: bets €0.55
pipinoelbreve9: calls €0.55
*** TURN *** [2h 9c 2c] [8c]
urbano1988: bets €1.07
pipinoelbreve9: calls €1.07
*** RIVER *** [2h 9c 2c 8c] [Ah]
urbano1988: bets €2.21 and is all-in
pipinoelbreve9: calls €2.21
*** SHOW DOWN ***
urbano1988: shows [Qd Ts] (a pair of Deuces)
pipinoelbreve9: shows [6c Kc] (a flush, King high)
pipinoelbreve9 collected €8.37 from pot
*** SUMMARY ***
Total pot €8.81 | Rake €0.44 
Board [2h 9c 2c 8c Ah]
Seat 1: iurii machushak (button) folded before Flop (didn't bet)
Seat 2: duasin (small blind) folded before Flop
Seat 3: peterpunkkkk (big blind) folded before Flop
Seat 4: urbano1988 showed [Qd Ts] and lost with a pair of Deuces
Seat 5: pipinoelbreve9 showed [6c Kc] and won (€8.37) with a flush, King high
Seat 6: JVN_100 folded before Flop (didn't bet)



PokerStars Zoom Hand #258218307775:  Hold'em No Limit (€0.05/€0.10) - 2025/10/22 10:11:17 CET [2025/10/22 4:11:17 ET]
Table 'Caph' 6-max Seat #1 is the button
Seat 1: pipinoelbreve9 (€14.55 in chips) 
Seat 2: canter1n (€7.75 in chips) 
Seat 3: peterpunkkkk (€10.51 in chips) 
Seat 4: NIHHIL0 (€10.05 in chips) 
Seat 5: piethok (€15.82 in chips) 
canter1n: posts small blind €0.05
peterpunkkkk: posts big blind €0.10
*** HOLE CARDS ***
Dealt to pipinoelbreve9 [Kh Qc]
NIHHIL0: raises €0.15 to €0.25
piethok: calls €0.25
pipinoelbreve9: raises €1.15 to €1.40
canter1n: folds 
peterpunkkkk: folds 
NIHHIL0: folds 
piethok: folds 
Uncalled bet (€1.15) returned to pipinoelbreve9
pipinoelbreve9 collected €0.90 from pot
pipinoelbreve9: doesn't show hand 
*** SUMMARY ***
Total pot €0.90 | Rake €0 
Seat 1: pipinoelbreve9 (button) collected (€0.90)
Seat 2: canter1n (small blind) folded before Flop
Seat 3: peterpunkkkk (big blind) folded before Flop
Seat 4: NIHHIL0 folded before Flop
Seat 5: piethok folded before Flop



PokerStars Zoom Hand #258218309654:  Hold'em No Limit (€0.05/€0.10) - 2025/10/22 10:11:45 CET [2025/10/22 4:11:45 ET]
Table 'Caph' 6-max Seat #1 is the button
Seat 1: JVN_100 (€11.06 in chips) 
Seat 2: hernandS&G (€10 in chips) 
Seat 3: pipinoelbreve9 (€15.15 in chips) 
Seat 4: NIHHIL0 (€10 in chips) 
Seat 5: rodpocketK (€9.72 in chips) 
Seat 6: jayKOdee (€9.51 in chips) 
hernandS&G: posts small blind €0.05
pipinoelbreve9: posts big blind €0.10
*** HOLE CARDS ***
Dealt to pipinoelbreve9 [Jh 4c]
NIHHIL0: folds 
rodpocketK: folds 
jayKOdee: folds 
JVN_100: folds 
hernandS&G: folds 
Uncalled bet (€0.05) returned to pipinoelbreve9
pipinoelbreve9 collected €0.10 from pot
pipinoelbreve9: doesn't show hand 
*** SUMMARY ***
Total pot €0.10 | Rake €0 
Seat 1: JVN_100 (button) folded before Flop (didn't bet)
Seat 2: hernandS&G (small blind) folded before Flop
Seat 3: pipinoelbreve9 (big blind) collected (€0.10)
Seat 4: NIHHIL0 folded before Flop (didn't bet)
Seat 5: rodpocketK folded before Flop (didn't bet)
Seat 6: jayKOdee folded before Flop (didn't bet)



PokerStars Zoom Hand #258218309441:  Hold'em No Limit (€0.05/€0.10) - 2025/10/22 10:11:42 CET [2025/10/22 4:11:42 ET]
Table 'Caph' 6-max Seat #1 is the button
Seat 1: iurii machushak (€10.11 in chips) 
Seat 2: pipinoelbreve9 (€15.20 in chips) 
Seat 3: peterpunkkkk (€10.24 in chips) 
Seat 4: jayKOdee (€9.51 in chips) 
Seat 5: grandpa83000 (€8.74 in chips) 
Seat 6: rodpocketK (€9.52 in chips) 
pipinoelbreve9: posts small blind €0.05
peterpunkkkk: posts big blind €0.10
*** HOLE CARDS ***
Dealt to pipinoelbreve9 [3s 4h]
jayKOdee: folds 
grandpa83000: raises €0.20 to €0.30
rodpocketK: folds 
iurii machushak has timed out
iurii machushak: folds 
pipinoelbreve9: folds 
peterpunkkkk: folds 
Uncalled bet (€0.20) returned to grandpa83000
grandpa83000 collected €0.25 from pot
grandpa83000: doesn't show hand 
*** SUMMARY ***
Total pot €0.25 | Rake €0 
Seat 1: iurii machushak (button) folded before Flop (didn't bet)
Seat 2: pipinoelbreve9 (small blind) folded before Flop
Seat 3: peterpunkkkk (big blind) folded before Flop
Seat 4: jayKOdee folded before Flop (didn't bet)
Seat 5: grandpa83000 collected (€0.25)
Seat 6: rodpocketK folded before Flop (didn't bet)



PokerStars Zoom Hand #258218307275:  Hold'em No Limit (€0.05/€0.10) - 2025/10/22 10:11:09 CET [2025/10/22 4:11:09 ET]
Table 'Caph' 6-max Seat #1 is the button
Seat 1: ArchiBolding (€10.70 in chips) 
Seat 2: pipinoelbreve9 (€14.60 in chips) 
Seat 3: duasin (€10 in chips) 
Seat 4: LeDom66 (€10 in chips) 
Seat 5: Heavengods (€14.40 in chips) 
Seat 6: xameson (€6.94 in chips) 
pipinoelbreve9: posts small blind €0.05
duasin: posts big blind €0.10
*** HOLE CARDS ***
Dealt to pipinoelbreve9 [3d Qh]
LeDom66: raises €0.15 to €0.25
Heavengods: folds 
xameson: folds 
ArchiBolding: folds 
pipinoelbreve9: folds 
duasin: calls €0.15
*** FLOP *** [8c Jh 6d]
duasin: checks 
LeDom66: bets €0.36
duasin: raises €0.92 to €1.28
LeDom66: calls €0.92
*** TURN *** [8c Jh 6d] [As]
duasin: checks 
LeDom66: bets €2.20
duasin: raises €6.27 to €8.47 and is all-in
LeDom66: folds 
Uncalled bet (€6.27) returned to duasin
duasin collected €7.13 from pot
duasin: doesn't show hand 
*** SUMMARY ***
Total pot €7.51 | Rake €0.38 
Board [8c Jh 6d As]
Seat 1: ArchiBolding (button) folded before Flop (didn't bet)
Seat 2: pipinoelbreve9 (small blind) folded before Flop
Seat 3: duasin (big blind) collected (€7.13)
Seat 4: LeDom66 folded on the Turn
Seat 5: Heavengods folded before Flop (didn't bet)
Seat 6: xameson folded before Flop (didn't bet)



PokerStars Zoom Hand #258218313398:  Hold'em No Limit (€0.05/€0.10) - 2025/10/22 10:12:43 CET [2025/10/22 4:12:43 ET]
Table 'Caph' 6-max Seat #1 is the button
Seat 1: pipinoelbreve9 (€15.10 in chips) 
Seat 2: 8Kraken88 (€11.74 in chips) 
Seat 3: piethok (€15.87 in chips) 
Seat 4: grandpa83000 (€8.89 in chips) 
Seat 5: LeDom66 (€10 in chips) 
Seat 6: NosoVinci (€5 in chips) 
8Kraken88: posts small blind €0.05
piethok: posts big blind €0.10
*** HOLE CARDS ***
Dealt to pipinoelbreve9 [2s 8h]
grandpa83000: raises €0.10 to €0.20
LeDom66: folds 
NosoVinci: folds 
pipinoelbreve9: folds 
8Kraken88: folds 
piethok: calls €0.10
*** FLOP *** [2h Jc Ac]
piethok: checks 
grandpa83000: bets €0.22
piethok: folds 
Uncalled bet (€0.22) returned to grandpa83000
grandpa83000 collected €0.43 from pot
grandpa83000: doesn't show hand 
*** SUMMARY ***
Total pot €0.45 | Rake €0.02 
Board [2h Jc Ac]
Seat 1: pipinoelbreve9 (button) folded before Flop (didn't bet)
Seat 2: 8Kraken88 (small blind) folded before Flop
Seat 3: piethok (big blind) folded on the Flop
Seat 4: grandpa83000 collected (€0.43)
Seat 5: LeDom66 folded before Flop (didn't bet)
Seat 6: NosoVinci folded before Flop (didn't bet)



PokerStars Zoom Hand #258218311120:  Hold'em No Limit (€0.05/€0.10) - 2025/10/22 10:12:08 CET [2025/10/22 4:12:08 ET]
Table 'Caph' 6-max Seat #1 is the button
Seat 1: hernandS&G (€10 in chips) 
Seat 2: NIHHIL0 (€10 in chips) 
Seat 3: JVN_100 (€11.01 in chips) 
Seat 4: mkgon10 (€7.91 in chips) 
Seat 5: Split2902 (€17.01 in chips) 
Seat 6: pipinoelbreve9 (€15.20 in chips) 
NIHHIL0: posts small blind €0.05
JVN_100: posts big blind €0.10
*** HOLE CARDS ***
Dealt to pipinoelbreve9 [Ah 2s]
mkgon10 is disconnected 
mkgon10 has timed out while disconnected
mkgon10: folds 
Split2902: raises €0.15 to €0.25
pipinoelbreve9: folds 
hernandS&G: folds 
NIHHIL0: calls €0.20
JVN_100: calls €0.15
*** FLOP *** [Ac 4c 5d]
NIHHIL0: checks 
JVN_100: checks 
Split2902: bets €0.36
NIHHIL0: calls €0.36
JVN_100: calls €0.36
*** TURN *** [Ac 4c 5d] [Jd]
NIHHIL0: checks 
JVN_100: checks 
Split2902: checks 
*** RIVER *** [Ac 4c 5d Jd] [Ks]
NIHHIL0: checks 
JVN_100: checks 
Split2902: checks 
*** SHOW DOWN ***
NIHHIL0: shows [8c 9c] (high card Ace)
JVN_100: shows [6h 5s] (a pair of Fives)
Split2902: mucks hand 
JVN_100 collected €1.74 from pot
*** SUMMARY ***
Total pot €1.83 | Rake €0.09 
Board [Ac 4c 5d Jd Ks]
Seat 1: hernandS&G (button) folded before Flop (didn't bet)
Seat 2: NIHHIL0 (small blind) showed [8c 9c] and lost with high card Ace
Seat 3: JVN_100 (big blind) showed [6h 5s] and won (€1.74) with a pair of Fives
Seat 4: mkgon10 folded before Flop (didn't bet)
Seat 5: Split2902 mucked [7s 6s]
Seat 6: pipinoelbreve9 folded before Flop (didn't bet)



PokerStars Zoom Hand #258218310796:  Hold'em No Limit (€0.05/€0.10) - 2025/10/22 10:12:03 CET [2025/10/22 4:12:03 ET]
Table 'Caph' 6-max Seat #1 is the button
Seat 1: NosoVinci (€5.82 in chips) 
Seat 2: rodpocketK (€9.52 in chips) 
Seat 3: duasin (€13.42 in chips) 
Seat 4: Heavengods (€14.04 in chips) 
Seat 5: pipinoelbreve9 (€15.20 in chips) 
Seat 6: JVN_100 (€11.01 in chips) 
rodpocketK: posts small blind €0.05
duasin: posts big blind €0.10
*** HOLE CARDS ***
Dealt to pipinoelbreve9 [4d 8h]
Heavengods: folds 
pipinoelbreve9: folds 
JVN_100: folds 
NosoVinci: folds 
rodpocketK: raises €0.20 to €0.30
duasin: raises €0.60 to €0.90
rodpocketK: raises €1.80 to €2.70
duasin: calls €1.80
*** FLOP *** [Ad 9d Qh]
rodpocketK: checks 
duasin: checks 
*** TURN *** [Ad 9d Qh] [7c]
rodpocketK: checks 
duasin: checks 
*** RIVER *** [Ad 9d Qh 7c] [3c]
rodpocketK: checks 
duasin: checks 
*** SHOW DOWN ***
rodpocketK: shows [Kh Kc] (a pair of Kings)
duasin: mucks hand 
rodpocketK collected €5.13 from pot
*** SUMMARY ***
Total pot €5.40 | Rake €0.27 
Board [Ad 9d Qh 7c 3c]
Seat 1: NosoVinci (button) folded before Flop (didn't bet)
Seat 2: rodpocketK (small blind) showed [Kh Kc] and won (€5.13) with a pair of Kings
Seat 3: duasin (big blind) mucked [Jh Jd]
Seat 4: Heavengods folded before Flop (didn't bet)
Seat 5: pipinoelbreve9 folded before Flop (didn't bet)
Seat 6: JVN_100 folded before Flop (didn't bet)



PokerStars Zoom Hand #258218311957:  Hold'em No Limit (€0.05/€0.10) - 2025/10/22 10:12:21 CET [2025/10/22 4:12:21 ET]
Table 'Caph' 6-max Seat #1 is the button
Seat 1: rodpocketK (€9.67 in chips) 
Seat 2: jayKOdee (€11.43 in chips) 
Seat 3: peterpunkkkk (€11.61 in chips) 
Seat 4: pipinoelbreve9 (€15.20 in chips) 
Seat 5: iurii machushak (€10.52 in chips) 
Seat 6: Heavengods (€14.04 in chips) 
jayKOdee: posts small blind €0.05
peterpunkkkk: posts big blind €0.10
*** HOLE CARDS ***
Dealt to pipinoelbreve9 [3h Qs]
pipinoelbreve9: folds 
iurii machushak: folds 
Heavengods: raises €0.12 to €0.22
rodpocketK: calls €0.22
jayKOdee: folds 
peterpunkkkk: calls €0.12
*** FLOP *** [7c Ah 2c]
peterpunkkkk: checks 
Heavengods: bets €0.22
rodpocketK: calls €0.22
peterpunkkkk: folds 
*** TURN *** [7c Ah 2c] [Ad]
Heavengods: bets €0.82
rodpocketK: folds 
Uncalled bet (€0.82) returned to Heavengods
Heavengods collected €1.09 from pot
Heavengods: doesn't show hand 
*** SUMMARY ***
Total pot €1.15 | Rake €0.06 
Board [7c Ah 2c Ad]
Seat 1: rodpocketK (button) folded on the Turn
Seat 2: jayKOdee (small blind) folded before Flop
Seat 3: peterpunkkkk (big blind) folded on the Flop
Seat 4: pipinoelbreve9 folded before Flop (didn't bet)
Seat 5: iurii machushak folded before Flop (didn't bet)
Seat 6: Heavengods collected (€1.09)



PokerStars Zoom Hand #258218314117:  Hold'em No Limit (€0.05/€0.10) - 2025/10/22 10:12:54 CET [2025/10/22 4:12:54 ET]
Table 'Caph' 6-max Seat #1 is the button
Seat 1: iurii machushak (€10.37 in chips) 
Seat 2: ArchiBolding (€10.80 in chips) 
Seat 3: 8Kraken88 (€11.69 in chips) 
Seat 4: NIHHIL0 (€10.41 in chips) 
Seat 5: duasin (€10 in chips) 
Seat 6: pipinoelbreve9 (€15.05 in chips) 
ArchiBolding: posts small blind €0.05
8Kraken88: posts big blind €0.10
*** HOLE CARDS ***
Dealt to pipinoelbreve9 [Qs Kd]
NIHHIL0: raises €0.20 to €0.30
duasin: folds 
pipinoelbreve9: raises €0.60 to €0.90
iurii machushak: folds 
ArchiBolding: folds 
8Kraken88: folds 
NIHHIL0: calls €0.60
*** FLOP *** [7s 5s 2h]
NIHHIL0: checks 
pipinoelbreve9: bets €0.61
NIHHIL0: folds 
Uncalled bet (€0.61) returned to pipinoelbreve9
pipinoelbreve9 collected €1.85 from pot
pipinoelbreve9: doesn't show hand 
*** SUMMARY ***
Total pot €1.95 | Rake €0.10 
Board [7s 5s 2h]
Seat 1: iurii machushak (button) folded before Flop (didn't bet)
Seat 2: ArchiBolding (small blind) folded before Flop
Seat 3: 8Kraken88 (big blind) folded before Flop
Seat 4: NIHHIL0 folded on the Flop
Seat 5: duasin folded before Flop (didn't bet)
Seat 6: pipinoelbreve9 collected (€1.85)



PokerStars Zoom Hand #258218313658:  Hold'em No Limit (€0.05/€0.10) - 2025/10/22 10:12:47 CET [2025/10/22 4:12:47 ET]
Table 'Caph' 6-max Seat #1 is the button
Seat 1: LeDom66 (€10 in chips) 
Seat 2: pipinoelbreve9 (€15.10 in chips) 
Seat 3: Split2902 (€10.66 in chips) 
Seat 4: 8Kraken88 (€11.69 in chips) 
Seat 5: NosoVinci (€5 in chips) 
Seat 6: duasin (€10 in chips) 
pipinoelbreve9: posts small blind €0.05
Split2902: posts big blind €0.10
*** HOLE CARDS ***
Dealt to pipinoelbreve9 [9s 7c]
8Kraken88: folds 
NosoVinci: folds 
duasin: folds 
LeDom66: raises €0.15 to €0.25
pipinoelbreve9: folds 
Split2902: calls €0.15
*** FLOP *** [3s 9d 3h]
Split2902: checks 
LeDom66: bets €0.18
Split2902: folds 
Uncalled bet (€0.18) returned to LeDom66
LeDom66 collected €0.52 from pot
LeDom66: doesn't show hand 
*** SUMMARY ***
Total pot €0.55 | Rake €0.03 
Board [3s 9d 3h]
Seat 1: LeDom66 (button) collected (€0.52)
Seat 2: pipinoelbreve9 (small blind) folded before Flop
Seat 3: Split2902 (big blind) folded on the Flop
Seat 4: 8Kraken88 folded before Flop (didn't bet)
Seat 5: NosoVinci folded before Flop (didn't bet)
Seat 6: duasin folded before Flop (didn't bet)



PokerStars Zoom Hand #258218312257:  Hold'em No Limit (€0.05/€0.10) - 2025/10/22 10:12:26 CET [2025/10/22 4:12:26 ET]
Table 'Caph' 6-max Seat #1 is the button
Seat 1: Garcilaso AA (€10 in chips) 
Seat 2: hernandS&G (€10 in chips) 
Seat 3: pipinoelbreve9 (€15.20 in chips) 
Seat 4: NosoVinci (€5.82 in chips) 
Seat 5: duasin (€10.05 in chips) 
Seat 6: peterpunkkkk (€10.14 in chips) 
hernandS&G: posts small blind €0.05
pipinoelbreve9: posts big blind €0.10
*** HOLE CARDS ***
Dealt to pipinoelbreve9 [3c 3h]
NosoVinci: folds 
duasin: raises €0.15 to €0.25
peterpunkkkk: raises €0.65 to €0.90
Garcilaso AA: folds 
hernandS&G: folds 
pipinoelbreve9: folds 
duasin: calls €0.65
*** FLOP *** [Qs 4c 7s]
duasin: checks 
peterpunkkkk: bets €0.93
duasin: folds 
Uncalled bet (€0.93) returned to peterpunkkkk
peterpunkkkk collected €1.85 from pot
peterpunkkkk: doesn't show hand 
*** SUMMARY ***
Total pot €1.95 | Rake €0.10 
Board [Qs 4c 7s]
Seat 1: Garcilaso AA (button) folded before Flop (didn't bet)
Seat 2: hernandS&G (small blind) folded before Flop
Seat 3: pipinoelbreve9 (big blind) folded before Flop
Seat 4: NosoVinci folded before Flop (didn't bet)
Seat 5: duasin folded on the Flop
Seat 6: peterpunkkkk collected (€1.85)



PokerStars Zoom Hand #258218316375:  Hold'em No Limit (€0.05/€0.10) - 2025/10/22 10:13:28 CET [2025/10/22 4:13:28 ET]
Table 'Caph' 6-max Seat #1 is the button
Seat 1: NIHHIL0 (€10 in chips) 
Seat 2: jayKOdee (€10.46 in chips) 
Seat 3: AntiHestamine (€10.82 in chips) 
Seat 4: canter1n (€8.02 in chips) 
Seat 5: pipinoelbreve9 (€16 in chips) 
Seat 6: hernandS&G (€10.05 in chips) 
jayKOdee: posts small blind €0.05
AntiHestamine: posts big blind €0.10
*** HOLE CARDS ***
Dealt to pipinoelbreve9 [Ac Jh]
canter1n: folds 
pipinoelbreve9: raises €0.15 to €0.25
hernandS&G: calls €0.25
NIHHIL0: folds 
jayKOdee: folds 
AntiHestamine: folds 
*** FLOP *** [3c Th Jd]
pipinoelbreve9: bets €0.20
hernandS&G: folds 
Uncalled bet (€0.20) returned to pipinoelbreve9
pipinoelbreve9 collected €0.62 from pot
pipinoelbreve9: doesn't show hand 
*** SUMMARY ***
Total pot €0.65 | Rake €0.03 
Board [3c Th Jd]
Seat 1: NIHHIL0 (button) folded before Flop (didn't bet)
Seat 2: jayKOdee (small blind) folded before Flop
Seat 3: AntiHestamine (big blind) folded before Flop
Seat 4: canter1n folded before Flop (didn't bet)
Seat 5: pipinoelbreve9 collected (€0.62)
Seat 6: hernandS&G folded on the Flop



PokerStars Zoom Hand #258218318301:  Hold'em No Limit (€0.05/€0.10) - 2025/10/22 10:13:57 CET [2025/10/22 4:13:57 ET]
Table 'Caph' 6-max Seat #1 is the button
Seat 1: jayKOdee (€10.31 in chips) 
Seat 2: piethok (€15.82 in chips) 
Seat 3: duasin (€10.15 in chips) 
Seat 4: pipinoelbreve9 (€16.37 in chips) 
Seat 5: hernandS&G (€10.05 in chips) 
Seat 6: lagasalahaga (€14.61 in chips) 
piethok: posts small blind €0.05
duasin: posts big blind €0.10
*** HOLE CARDS ***
Dealt to pipinoelbreve9 [Kd Jh]
pipinoelbreve9: raises €0.15 to €0.25
hernandS&G: folds 
lagasalahaga: folds 
jayKOdee: folds 
piethok: raises €0.60 to €0.85
duasin: folds 
pipinoelbreve9: folds 
Uncalled bet (€0.60) returned to piethok
piethok collected €0.60 from pot
piethok: doesn't show hand 
*** SUMMARY ***
Total pot €0.60 | Rake €0 
Seat 1: jayKOdee (button) folded before Flop (didn't bet)
Seat 2: piethok (small blind) collected (€0.60)
Seat 3: duasin (big blind) folded before Flop
Seat 4: pipinoelbreve9 folded before Flop
Seat 5: hernandS&G folded before Flop (didn't bet)
Seat 6: lagasalahaga folded before Flop (didn't bet)



PokerStars Zoom Hand #258218319219:  Hold'em No Limit (€0.05/€0.10) - 2025/10/22 10:14:12 CET [2025/10/22 4:14:12 ET]
Table 'Caph' 6-max Seat #1 is the button
Seat 1: pipinoelbreve9 (€16.12 in chips) 
Seat 2: hernandS&G (€10 in chips) 
Seat 3: NosoVinci (€5 in chips) 
Seat 4: MagicVodka08 (€12.48 in chips) 
Seat 5: lagasalahaga (€10.45 in chips) 
Seat 6: fiku1 (€9.90 in chips) 
hernandS&G: posts small blind €0.05
NosoVinci: posts big blind €0.10
*** HOLE CARDS ***
Dealt to pipinoelbreve9 [6s 4s]
MagicVodka08: folds 
lagasalahaga: folds 
fiku1: folds 
pipinoelbreve9: folds 
hernandS&G: folds 
Uncalled bet (€0.05) returned to NosoVinci
NosoVinci collected €0.10 from pot
NosoVinci: doesn't show hand 
*** SUMMARY ***
Total pot €0.10 | Rake €0 
Seat 1: pipinoelbreve9 (button) folded before Flop (didn't bet)
Seat 2: hernandS&G (small blind) folded before Flop
Seat 3: NosoVinci (big blind) collected (€0.10)
Seat 4: MagicVodka08 folded before Flop (didn't bet)
Seat 5: lagasalahaga folded before Flop (didn't bet)
Seat 6: fiku1 folded before Flop (didn't bet)



PokerStars Zoom Hand #258218320999:  Hold'em No Limit (€0.05/€0.10) - 2025/10/22 10:14:40 CET [2025/10/22 4:14:40 ET]
Table 'Caph' 6-max Seat #1 is the button
Seat 1: MagicVodka08 (€21.59 in chips) 
Seat 2: Split2902 (€18.22 in chips) 
Seat 3: peterpunkkkk (€11.25 in chips) 
Seat 4: NIHHIL0 (€10 in chips) 
Seat 5: lagasalahaga (€11.85 in chips) 
Seat 6: pipinoelbreve9 (€15.97 in chips) 
Split2902: posts small blind €0.05
peterpunkkkk: posts big blind €0.10
*** HOLE CARDS ***
Dealt to pipinoelbreve9 [7d 9d]
NIHHIL0: folds 
lagasalahaga: folds 
pipinoelbreve9: folds 
MagicVodka08: folds 
Split2902: folds 
Uncalled bet (€0.05) returned to peterpunkkkk
peterpunkkkk collected €0.10 from pot
peterpunkkkk: doesn't show hand 
*** SUMMARY ***
Total pot €0.10 | Rake €0 
Seat 1: MagicVodka08 (button) folded before Flop (didn't bet)
Seat 2: Split2902 (small blind) folded before Flop
Seat 3: peterpunkkkk (big blind) collected (€0.10)
Seat 4: NIHHIL0 folded before Flop (didn't bet)
Seat 5: lagasalahaga folded before Flop (didn't bet)
Seat 6: pipinoelbreve9 folded before Flop (didn't bet)



PokerStars Zoom Hand #258218319604:  Hold'em No Limit (€0.05/€0.10) - 2025/10/22 10:14:18 CET [2025/10/22 4:14:18 ET]
Table 'Caph' 6-max Seat #1 is the button
Seat 1: duasin (€10.05 in chips) 
Seat 2: rodpocketK (€8.37 in chips) 
Seat 3: pipinoelbreve9 (€16.12 in chips) 
Seat 4: MagicVodka08 (€12.48 in chips) 
Seat 5: 8Kraken88 (€11.08 in chips) 
Seat 6: NosoVinci (€5 in chips) 
rodpocketK: posts small blind €0.05
pipinoelbreve9: posts big blind €0.10
*** HOLE CARDS ***
Dealt to pipinoelbreve9 [9c 4d]
MagicVodka08: folds 
8Kraken88: folds 
NosoVinci: raises €0.10 to €0.20
duasin: folds 
rodpocketK: calls €0.15
pipinoelbreve9: folds 
*** FLOP *** [Ts Jd Jc]
rodpocketK: checks 
NosoVinci: bets €0.21
rodpocketK: folds 
Uncalled bet (€0.21) returned to NosoVinci
NosoVinci collected €0.48 from pot
NosoVinci: doesn't show hand 
*** SUMMARY ***
Total pot €0.50 | Rake €0.02 
Board [Ts Jd Jc]
Seat 1: duasin (button) folded before Flop (didn't bet)
Seat 2: rodpocketK (small blind) folded on the Flop
Seat 3: pipinoelbreve9 (big blind) folded before Flop
Seat 4: MagicVodka08 folded before Flop (didn't bet)
Seat 5: 8Kraken88 folded before Flop (didn't bet)
Seat 6: NosoVinci collected (€0.48)



PokerStars Zoom Hand #258218320572:  Hold'em No Limit (€0.05/€0.10) - 2025/10/22 10:14:34 CET [2025/10/22 4:14:34 ET]
Table 'Caph' 6-max Seat #1 is the button
Seat 1: Heavengods (€15.06 in chips) 
Seat 2: pipinoelbreve9 (€16.02 in chips) 
Seat 3: jayKOdee (€10.41 in chips) 
Seat 4: MagicVodka08 (€21.59 in chips) 
Seat 5: duasin (€10.05 in chips) 
Seat 6: peterpunkkkk (€11.25 in chips) 
pipinoelbreve9: posts small blind €0.05
jayKOdee: posts big blind €0.10
*** HOLE CARDS ***
Dealt to pipinoelbreve9 [5d Js]
MagicVodka08: folds 
duasin: folds 
peterpunkkkk: folds 
Heavengods: raises €0.14 to €0.24
pipinoelbreve9: folds 
jayKOdee: folds 
Uncalled bet (€0.14) returned to Heavengods
Heavengods collected €0.25 from pot
Heavengods: doesn't show hand 
*** SUMMARY ***
Total pot €0.25 | Rake €0 
Seat 1: Heavengods (button) collected (€0.25)
Seat 2: pipinoelbreve9 (small blind) folded before Flop
Seat 3: jayKOdee (big blind) folded before Flop
Seat 4: MagicVodka08 folded before Flop (didn't bet)
Seat 5: duasin folded before Flop (didn't bet)
Seat 6: peterpunkkkk folded before Flop (didn't bet)



PokerStars Zoom Hand #258218319972:  Hold'em No Limit (€0.05/€0.10) - 2025/10/22 10:14:24 CET [2025/10/22 4:14:24 ET]
Table 'Caph' 6-max Seat #1 is the button
Seat 1: canter1n (€9.72 in chips) 
Seat 2: fiku1 (€9.90 in chips) 
Seat 3: MagicVodka08 (€21.69 in chips) 
Seat 4: pipinoelbreve9 (€16.02 in chips) 
Seat 5: piethok (€16.17 in chips) 
Seat 6: nordin153 (€5.25 in chips) 
fiku1: posts small blind €0.05
MagicVodka08: posts big blind €0.10
*** HOLE CARDS ***
Dealt to pipinoelbreve9 [4s 2c]
pipinoelbreve9: folds 
piethok: raises €0.10 to €0.20
nordin153: calls €0.20
canter1n: folds 
fiku1: calls €0.15
MagicVodka08: folds 
*** FLOP *** [4h Qc 9c]
fiku1: checks 
piethok: checks 
nordin153: checks 
*** TURN *** [4h Qc 9c] [6s]
fiku1: bets €0.29
piethok: folds 
nordin153: calls €0.29
*** RIVER *** [4h Qc 9c 6s] [Kd]
fiku1: checks 
nordin153: checks 
*** SHOW DOWN ***
fiku1: shows [Ks Td] (a pair of Kings)
nordin153: mucks hand 
fiku1 collected €1.22 from pot
*** SUMMARY ***
Total pot €1.28 | Rake €0.06 
Board [4h Qc 9c 6s Kd]
Seat 1: canter1n (button) folded before Flop (didn't bet)
Seat 2: fiku1 (small blind) showed [Ks Td] and won (€1.22) with a pair of Kings
Seat 3: MagicVodka08 (big blind) folded before Flop
Seat 4: pipinoelbreve9 folded before Flop (didn't bet)
Seat 5: piethok folded on the Turn
Seat 6: nordin153 mucked [Jc Ac]



PokerStars Zoom Hand #258218320313:  Hold'em No Limit (€0.05/€0.10) - 2025/10/22 10:14:29 CET [2025/10/22 4:14:29 ET]
Table 'Caph' 6-max Seat #1 is the button
Seat 1: grandpa83000 (€8.99 in chips) 
Seat 2: Pierre3640 (€5.58 in chips) 
Seat 3: hernandS&G (€10 in chips) 
Seat 4: Split2902 (€19.45 in chips) 
Seat 5: pipinoelbreve9 (€16.02 in chips) 
Seat 6: canter1n (€9.72 in chips) 
Pierre3640: posts small blind €0.05
hernandS&G: posts big blind €0.10
*** HOLE CARDS ***
Dealt to pipinoelbreve9 [6s 4c]
Split2902: folds 
pipinoelbreve9: folds 
canter1n: raises €0.20 to €0.30
grandpa83000: calls €0.30
Pierre3640: calls €0.25
hernandS&G: raises €1.40 to €1.70
canter1n: folds 
grandpa83000: folds 
Pierre3640: calls €1.40
*** FLOP *** [2s 4d As]
Pierre3640: checks 
hernandS&G: bets €1.50
Pierre3640: folds 
Uncalled bet (€1.50) returned to hernandS&G
hernandS&G collected €3.80 from pot
hernandS&G: doesn't show hand 
*** SUMMARY ***
Total pot €4 | Rake €0.20 
Board [2s 4d As]
Seat 1: grandpa83000 (button) folded before Flop
Seat 2: Pierre3640 (small blind) folded on the Flop
Seat 3: hernandS&G (big blind) collected (€3.80)
Seat 4: Split2902 folded before Flop (didn't bet)
Seat 5: pipinoelbreve9 folded before Flop (didn't bet)
Seat 6: canter1n folded before Flop



PokerStars Zoom Hand #258218321359:  Hold'em No Limit (€0.05/€0.10) - 2025/10/22 10:14:45 CET [2025/10/22 4:14:45 ET]
Table 'Caph' 6-max Seat #1 is the button
Seat 1: pipinoelbreve9 (€15.97 in chips) 
Seat 2: lagasalahaga (€14.76 in chips) 
Seat 3: JVN_100 (€36.29 in chips) 
Seat 4: peterpunkkkk (€10.88 in chips) 
Seat 5: NosoVinci (€5 in chips) 
Seat 6: MagicVodka08 (€21.59 in chips) 
lagasalahaga: posts small blind €0.05
JVN_100: posts big blind €0.10
*** HOLE CARDS ***
Dealt to pipinoelbreve9 [4h 2h]
peterpunkkkk: folds 
NosoVinci: raises €0.10 to €0.20
MagicVodka08: folds 
pipinoelbreve9: calls €0.20
lagasalahaga: folds 
JVN_100: calls €0.10
*** FLOP *** [Ad 9s 8c]
JVN_100: checks 
NosoVinci: checks 
pipinoelbreve9: checks 
*** TURN *** [Ad 9s 8c] [Ks]
JVN_100: checks 
NosoVinci: checks 
pipinoelbreve9: checks 
*** RIVER *** [Ad 9s 8c Ks] [7d]
JVN_100: checks 
NosoVinci: bets €0.15
pipinoelbreve9: folds 
JVN_100: folds 
Uncalled bet (€0.15) returned to NosoVinci
NosoVinci collected €0.62 from pot
NosoVinci: doesn't show hand 
*** SUMMARY ***
Total pot €0.65 | Rake €0.03 
Board [Ad 9s 8c Ks 7d]
Seat 1: pipinoelbreve9 (button) folded on the River
Seat 2: lagasalahaga (small blind) folded before Flop
Seat 3: JVN_100 (big blind) folded on the River
Seat 4: peterpunkkkk folded before Flop (didn't bet)
Seat 5: NosoVinci collected (€0.62)
Seat 6: MagicVodka08 folded before Flop (didn't bet)



PokerStars Zoom Hand #258218325454:  Hold'em No Limit (€0.05/€0.10) - 2025/10/22 10:15:47 CET [2025/10/22 4:15:47 ET]
Table 'Caph' 6-max Seat #1 is the button
Seat 1: NosoVinci (€5.28 in chips) 
Seat 2: iurii machushak (€10 in chips) 
Seat 3: pipinoelbreve9 (€15.77 in chips) 
Seat 4: manelcc4 (€9.22 in chips) 
Seat 5: jayKOdee (€9.70 in chips) 
Seat 6: Split2902 (€10.51 in chips) 
iurii machushak: posts small blind €0.05
pipinoelbreve9: posts big blind €0.10
*** HOLE CARDS ***
Dealt to pipinoelbreve9 [8h Kh]
manelcc4: folds 
jayKOdee: folds 
Split2902: folds 
NosoVinci: raises €0.15 to €0.25
iurii machushak: folds 
pipinoelbreve9: calls €0.15
*** FLOP *** [8s Kd 4h]
pipinoelbreve9: checks 
NosoVinci: bets €0.23
pipinoelbreve9: calls €0.23
*** TURN *** [8s Kd 4h] [3d]
pipinoelbreve9: checks 
NosoVinci: checks 
*** RIVER *** [8s Kd 4h 3d] [Kc]
pipinoelbreve9: checks 
NosoVinci: bets €0.96
pipinoelbreve9: raises €2.88 to €3.84
NosoVinci: folds 
Uncalled bet (€2.88) returned to pipinoelbreve9
pipinoelbreve9 collected €2.78 from pot
pipinoelbreve9: doesn't show hand 
*** SUMMARY ***
Total pot €2.93 | Rake €0.15 
Board [8s Kd 4h 3d Kc]
Seat 1: NosoVinci (button) folded on the River
Seat 2: iurii machushak (small blind) folded before Flop
Seat 3: pipinoelbreve9 (big blind) collected (€2.78)
Seat 4: manelcc4 folded before Flop (didn't bet)
Seat 5: jayKOdee folded before Flop (didn't bet)
Seat 6: Split2902 folded before Flop (didn't bet)



PokerStars Zoom Hand #258218329745:  Hold'em No Limit (€0.05/€0.10) - 2025/10/22 10:16:51 CET [2025/10/22 4:16:51 ET]
Table 'Caph' 6-max Seat #1 is the button
Seat 1: MagicVodka08 (€12.21 in chips) 
Seat 2: fiku1 (€10.38 in chips) 
Seat 3: JimyCarter90 (€5 in chips) 
Seat 4: pipinoelbreve9 (€17.11 in chips) 
Seat 5: Split2902 (€10.24 in chips) 
Seat 6: WeeDDiegO (€10 in chips) 
fiku1: posts small blind €0.05
JimyCarter90: posts big blind €0.10
*** HOLE CARDS ***
Dealt to pipinoelbreve9 [6c 7h]
pipinoelbreve9: folds 
Split2902: folds 
WeeDDiegO: folds 
MagicVodka08: folds 
fiku1: folds 
Uncalled bet (€0.05) returned to JimyCarter90
JimyCarter90 collected €0.10 from pot
JimyCarter90: doesn't show hand 
*** SUMMARY ***
Total pot €0.10 | Rake €0 
Seat 1: MagicVodka08 (button) folded before Flop (didn't bet)
Seat 2: fiku1 (small blind) folded before Flop
Seat 3: JimyCarter90 (big blind) collected (€0.10)
Seat 4: pipinoelbreve9 folded before Flop (didn't bet)
Seat 5: Split2902 folded before Flop (didn't bet)
Seat 6: WeeDDiegO folded before Flop (didn't bet)



PokerStars Zoom Hand #258218331637:  Hold'em No Limit (€0.05/€0.10) - 2025/10/22 10:17:19 CET [2025/10/22 4:17:19 ET]
Table 'Caph' 6-max Seat #1 is the button
Seat 1: jayKOdee (€9.19 in chips) 
Seat 2: NIHHIL0 (€10.05 in chips) 
Seat 3: fiku1 (€10.33 in chips) 
Seat 4: 8Kraken88 (€12.96 in chips) 
Seat 5: iurii machushak (€10.23 in chips) 
Seat 6: pipinoelbreve9 (€17.06 in chips) 
NIHHIL0: posts small blind €0.05
fiku1: posts big blind €0.10
*** HOLE CARDS ***
Dealt to pipinoelbreve9 [Qs 9h]
8Kraken88: folds 
iurii machushak: folds 
pipinoelbreve9: folds 
jayKOdee: folds 
NIHHIL0: raises €0.20 to €0.30
fiku1: folds 
Uncalled bet (€0.20) returned to NIHHIL0
NIHHIL0 collected €0.20 from pot
NIHHIL0: doesn't show hand 
*** SUMMARY ***
Total pot €0.20 | Rake €0 
Seat 1: jayKOdee (button) folded before Flop (didn't bet)
Seat 2: NIHHIL0 (small blind) collected (€0.20)
Seat 3: fiku1 (big blind) folded before Flop
Seat 4: 8Kraken88 folded before Flop (didn't bet)
Seat 5: iurii machushak folded before Flop (didn't bet)
Seat 6: pipinoelbreve9 folded before Flop (didn't bet)



PokerStars Zoom Hand #258218331876:  Hold'em No Limit (€0.05/€0.10) - 2025/10/22 10:17:22 CET [2025/10/22 4:17:22 ET]
Table 'Caph' 6-max Seat #1 is the button
Seat 1: iurii machushak (€10.23 in chips) 
Seat 2: lagasalahaga (€12.91 in chips) 
Seat 3: boboy111 (€10.32 in chips) 
Seat 4: LeDom66 (€10.68 in chips) 
Seat 5: pipinoelbreve9 (€17.06 in chips) 
Seat 6: peterpunkkkk (€11.32 in chips) 
lagasalahaga: posts small blind €0.05
boboy111: posts big blind €0.10
*** HOLE CARDS ***
Dealt to pipinoelbreve9 [4c Js]
LeDom66: raises €0.15 to €0.25
pipinoelbreve9: folds 
peterpunkkkk: folds 
iurii machushak: folds 
lagasalahaga: folds 
boboy111: folds 
Uncalled bet (€0.15) returned to LeDom66
LeDom66 collected €0.25 from pot
LeDom66: doesn't show hand 
*** SUMMARY ***
Total pot €0.25 | Rake €0 
Seat 1: iurii machushak (button) folded before Flop (didn't bet)
Seat 2: lagasalahaga (small blind) folded before Flop
Seat 3: boboy111 (big blind) folded before Flop
Seat 4: LeDom66 collected (€0.25)
Seat 5: pipinoelbreve9 folded before Flop (didn't bet)
Seat 6: peterpunkkkk folded before Flop (didn't bet)



PokerStars Zoom Hand #258218332964:  Hold'em No Limit (€0.05/€0.10) - 2025/10/22 10:17:39 CET [2025/10/22 4:17:39 ET]
Table 'Caph' 6-max Seat #1 is the button
Seat 1: JVN_100 (€10.57 in chips) 
Seat 2: MagicVodka08 (€12.21 in chips) 
Seat 3: grandpa83000 (€9.45 in chips) 
Seat 4: pipinoelbreve9 (€17.06 in chips) 
Seat 5: NIHHIL0 (€10.15 in chips) 
Seat 6: iurii machushak (€10.23 in chips) 
MagicVodka08: posts small blind €0.05
grandpa83000: posts big blind €0.10
*** HOLE CARDS ***
Dealt to pipinoelbreve9 [4s 9h]
pipinoelbreve9: folds 
NIHHIL0: folds 
iurii machushak: folds 
JVN_100: folds 
MagicVodka08: folds 
Uncalled bet (€0.05) returned to grandpa83000
grandpa83000 collected €0.10 from pot
grandpa83000: doesn't show hand 
*** SUMMARY ***
Total pot €0.10 | Rake €0 
Seat 1: JVN_100 (button) folded before Flop (didn't bet)
Seat 2: MagicVodka08 (small blind) folded before Flop
Seat 3: grandpa83000 (big blind) collected (€0.10)
Seat 4: pipinoelbreve9 folded before Flop (didn't bet)
Seat 5: NIHHIL0 folded before Flop (didn't bet)
Seat 6: iurii machushak folded before Flop (didn't bet)



PokerStars Zoom Hand #258218332816:  Hold'em No Limit (€0.05/€0.10) - 2025/10/22 10:17:37 CET [2025/10/22 4:17:37 ET]
Table 'Caph' 6-max Seat #1 is the button
Seat 1: pipinoelbreve9 (€17.06 in chips) 
Seat 2: canter1n (€9.59 in chips) 
Seat 3: jayKOdee (€16.47 in chips) 
Seat 4: lagasalahaga (€15.80 in chips) 
Seat 5: fiku1 (€10.23 in chips) 
Seat 6: leobcn9 (€10 in chips) 
canter1n: posts small blind €0.05
jayKOdee: posts big blind €0.10
*** HOLE CARDS ***
Dealt to pipinoelbreve9 [Qd 7c]
lagasalahaga: folds 
fiku1: folds 
leobcn9: folds 
pipinoelbreve9: folds 
canter1n: folds 
Uncalled bet (€0.05) returned to jayKOdee
jayKOdee collected €0.10 from pot
jayKOdee: doesn't show hand 
*** SUMMARY ***
Total pot €0.10 | Rake €0 
Seat 1: pipinoelbreve9 (button) folded before Flop (didn't bet)
Seat 2: canter1n (small blind) folded before Flop
Seat 3: jayKOdee (big blind) collected (€0.10)
Seat 4: lagasalahaga folded before Flop (didn't bet)
Seat 5: fiku1 folded before Flop (didn't bet)
Seat 6: leobcn9 folded before Flop (didn't bet)



PokerStars Zoom Hand #258218332482:  Hold'em No Limit (€0.05/€0.10) - 2025/10/22 10:17:31 CET [2025/10/22 4:17:31 ET]
Table 'Caph' 6-max Seat #1 is the button
Seat 1: leobcn9 (€10 in chips) 
Seat 2: peterpunkkkk (€11.32 in chips) 
Seat 3: jayKOdee (€9.19 in chips) 
Seat 4: iurii machushak (€20.57 in chips) 
Seat 5: pipinoelbreve9 (€17.06 in chips) 
Seat 6: Pierre3640 (€3.79 in chips) 
peterpunkkkk: posts small blind €0.05
jayKOdee: posts big blind €0.10
*** HOLE CARDS ***
Dealt to pipinoelbreve9 [Jh 9s]
iurii machushak: raises €0.10 to €0.20
pipinoelbreve9: folds 
Pierre3640: calls €0.20
leobcn9: folds 
peterpunkkkk: folds 
jayKOdee: calls €0.10
*** FLOP *** [5s Tc 3c]
jayKOdee: checks 
iurii machushak: bets €0.20
Pierre3640: calls €0.20
jayKOdee: folds 
*** TURN *** [5s Tc 3c] [2d]
iurii machushak: bets €0.30
Pierre3640: raises €0.30 to €0.60
iurii machushak: folds 
Uncalled bet (€0.30) returned to Pierre3640
Pierre3640 collected €1.57 from pot
Pierre3640: doesn't show hand 
*** SUMMARY ***
Total pot €1.65 | Rake €0.08 
Board [5s Tc 3c 2d]
Seat 1: leobcn9 (button) folded before Flop (didn't bet)
Seat 2: peterpunkkkk (small blind) folded before Flop
Seat 3: jayKOdee (big blind) folded on the Flop
Seat 4: iurii machushak folded on the Turn
Seat 5: pipinoelbreve9 folded before Flop (didn't bet)
Seat 6: Pierre3640 collected (€1.57)



PokerStars Zoom Hand #258218333313:  Hold'em No Limit (€0.05/€0.10) - 2025/10/22 10:17:44 CET [2025/10/22 4:17:44 ET]
Table 'Caph' 6-max Seat #1 is the button
Seat 1: iurii machushak (€10.11 in chips) 
Seat 2: Pablo94sg (€9.68 in chips) 
Seat 3: pipinoelbreve9 (€17.06 in chips) 
Seat 4: JVN_100 (€10.57 in chips) 
Seat 5: peterpunkkkk (€11.27 in chips) 
Seat 6: NIHHIL0 (€10.15 in chips) 
Pablo94sg: posts small blind €0.05
pipinoelbreve9: posts big blind €0.10
*** HOLE CARDS ***
Dealt to pipinoelbreve9 [9h 9d]
JVN_100: raises €0.10 to €0.20
peterpunkkkk: folds 
NIHHIL0: folds 
iurii machushak: folds 
Pablo94sg: calls €0.15
pipinoelbreve9: folds 
*** FLOP *** [3c 7d 2d]
Pablo94sg: checks 
JVN_100: checks 
*** TURN *** [3c 7d 2d] [7s]
Pablo94sg: bets €0.24
JVN_100: calls €0.24
*** RIVER *** [3c 7d 2d 7s] [5d]
Pablo94sg: bets €0.70
JVN_100: folds 
Uncalled bet (€0.70) returned to Pablo94sg
Pablo94sg collected €0.93 from pot
Pablo94sg: doesn't show hand 
*** SUMMARY ***
Total pot €0.98 | Rake €0.05 
Board [3c 7d 2d 7s 5d]
Seat 1: iurii machushak (button) folded before Flop (didn't bet)
Seat 2: Pablo94sg (small blind) collected (€0.93)
Seat 3: pipinoelbreve9 (big blind) folded before Flop
Seat 4: JVN_100 folded on the River
Seat 5: peterpunkkkk folded before Flop (didn't bet)
Seat 6: NIHHIL0 folded before Flop (didn't bet)



PokerStars Zoom Hand #258218334157:  Hold'em No Limit (€0.05/€0.10) - 2025/10/22 10:17:56 CET [2025/10/22 4:17:56 ET]
Table 'Caph' 6-max Seat #1 is the button
Seat 1: Garcilaso AA (€10 in chips) 
Seat 2: lagasalahaga (€15.80 in chips) 
Seat 3: NosoVinci (€5.32 in chips) 
Seat 4: jayKOdee (€9.40 in chips) 
Seat 5: NIHHIL0 (€10.15 in chips) 
Seat 6: pipinoelbreve9 (€16.96 in chips) 
lagasalahaga: posts small blind €0.05
NosoVinci: posts big blind €0.10
*** HOLE CARDS ***
Dealt to pipinoelbreve9 [Kc 6c]
jayKOdee: folds 
NIHHIL0: folds 
pipinoelbreve9: raises €0.15 to €0.25
Garcilaso AA: raises €0.65 to €0.90
lagasalahaga: raises €1.50 to €2.40
NosoVinci: folds 
pipinoelbreve9: folds 
Garcilaso AA: folds 
Uncalled bet (€1.50) returned to lagasalahaga
lagasalahaga collected €2.15 from pot
lagasalahaga: doesn't show hand 
*** SUMMARY ***
Total pot €2.15 | Rake €0 
Seat 1: Garcilaso AA (button) folded before Flop
Seat 2: lagasalahaga (small blind) collected (€2.15)
Seat 3: NosoVinci (big blind) folded before Flop
Seat 4: jayKOdee folded before Flop (didn't bet)
Seat 5: NIHHIL0 folded before Flop (didn't bet)
Seat 6: pipinoelbreve9 folded before Flop



PokerStars Zoom Hand #258218330186:  Hold'em No Limit (€0.05/€0.10) - 2025/10/22 10:16:57 CET [2025/10/22 4:16:57 ET]
Table 'Caph' 6-max Seat #1 is the button
Seat 1: WeeDDiegO (€10 in chips) 
Seat 2: pipinoelbreve9 (€17.11 in chips) 
Seat 3: hernandS&G (€12.22 in chips) 
Seat 4: canter1n (€9.92 in chips) 
Seat 5: JVN_100 (€35.28 in chips) 
Seat 6: Pablo94sg (€9.34 in chips) 
pipinoelbreve9: posts small blind €0.05
hernandS&G: posts big blind €0.10
*** HOLE CARDS ***
Dealt to pipinoelbreve9 [Ts 9s]
canter1n: folds 
JVN_100: raises €0.12 to €0.22
Pablo94sg: folds 
WeeDDiegO: raises €0.48 to €0.70
pipinoelbreve9: folds 
hernandS&G: folds 
JVN_100: calls €0.48
*** FLOP *** [4h Jh 3d]
JVN_100: checks 
WeeDDiegO: bets €0.75
JVN_100: calls €0.75
*** TURN *** [4h Jh 3d] [6h]
JVN_100: checks 
WeeDDiegO: checks 
*** RIVER *** [4h Jh 3d 6h] [Qc]
JVN_100: checks 
WeeDDiegO: bets €2
JVN_100: raises €31.83 to €33.83 and is all-in
WeeDDiegO: calls €6.55 and is all-in
Uncalled bet (€25.28) returned to JVN_100
*** SHOW DOWN ***
JVN_100: shows [9h Th] (a flush, Jack high)
WeeDDiegO: shows [Ks Qd] (a pair of Queens)
JVN_100 collected €19.14 from pot
*** SUMMARY ***
Total pot €20.15 | Rake €1.01 
Board [4h Jh 3d 6h Qc]
Seat 1: WeeDDiegO (button) showed [Ks Qd] and lost with a pair of Queens
Seat 2: pipinoelbreve9 (small blind) folded before Flop
Seat 3: hernandS&G (big blind) folded before Flop
Seat 4: canter1n folded before Flop (didn't bet)
Seat 5: JVN_100 showed [9h Th] and won (€19.14) with a flush, Jack high
Seat 6: Pablo94sg folded before Flop (didn't bet)



PokerStars Zoom Hand #258218337694:  Hold'em No Limit (€0.05/€0.10) - 2025/10/22 10:18:50 CET [2025/10/22 4:18:50 ET]
Table 'Caph' 6-max Seat #1 is the button
Seat 1: canter1n (€9.39 in chips) 
Seat 2: JVN_100 (€9.93 in chips) 
Seat 3: JimyCarter90 (€4.58 in chips) 
Seat 4: pipinoelbreve9 (€16.66 in chips) 
Seat 5: NosoVinci (€5.15 in chips) 
Seat 6: iurii machushak (€10 in chips) 
JVN_100: posts small blind €0.05
JimyCarter90: posts big blind €0.10
*** HOLE CARDS ***
Dealt to pipinoelbreve9 [Ac 6d]
pipinoelbreve9: folds 
NosoVinci: folds 
iurii machushak: folds 
canter1n: folds 
JVN_100: folds 
Uncalled bet (€0.05) returned to JimyCarter90
JimyCarter90 collected €0.10 from pot
JimyCarter90: doesn't show hand 
*** SUMMARY ***
Total pot €0.10 | Rake €0 
Seat 1: canter1n (button) folded before Flop (didn't bet)
Seat 2: JVN_100 (small blind) folded before Flop
Seat 3: JimyCarter90 (big blind) collected (€0.10)
Seat 4: pipinoelbreve9 folded before Flop (didn't bet)
Seat 5: NosoVinci folded before Flop (didn't bet)
Seat 6: iurii machushak folded before Flop (didn't bet)



PokerStars Zoom Hand #258218336561:  Hold'em No Limit (€0.05/€0.10) - 2025/10/22 10:18:33 CET [2025/10/22 4:18:33 ET]
Table 'Caph' 6-max Seat #1 is the button
Seat 1: WeeDDiegO (€10.28 in chips) 
Seat 2: pipinoelbreve9 (€16.71 in chips) 
Seat 3: MagicVodka08 (€22.56 in chips) 
Seat 4: jayKOdee (€16.47 in chips) 
Seat 5: boboy111 (€9.91 in chips) 
Seat 6: lagasalahaga (€11.01 in chips) 
pipinoelbreve9: posts small blind €0.05
MagicVodka08: posts big blind €0.10
*** HOLE CARDS ***
Dealt to pipinoelbreve9 [Ac 8h]
jayKOdee: raises €0.20 to €0.30
boboy111: folds 
lagasalahaga: folds 
WeeDDiegO: folds 
pipinoelbreve9: folds 
MagicVodka08: calls €0.20
*** FLOP *** [Kc Ts 7h]
MagicVodka08: checks 
jayKOdee: checks 
*** TURN *** [Kc Ts 7h] [8d]
MagicVodka08: bets €0.31
jayKOdee: folds 
Uncalled bet (€0.31) returned to MagicVodka08
MagicVodka08 collected €0.62 from pot
MagicVodka08: doesn't show hand 
*** SUMMARY ***
Total pot €0.65 | Rake €0.03 
Board [Kc Ts 7h 8d]
Seat 1: WeeDDiegO (button) folded before Flop (didn't bet)
Seat 2: pipinoelbreve9 (small blind) folded before Flop
Seat 3: MagicVodka08 (big blind) collected (€0.62)
Seat 4: jayKOdee folded on the Turn
Seat 5: boboy111 folded before Flop (didn't bet)
Seat 6: lagasalahaga folded before Flop (didn't bet)



PokerStars Zoom Hand #258218337896:  Hold'em No Limit (€0.05/€0.10) - 2025/10/22 10:18:52 CET [2025/10/22 4:18:52 ET]
Table 'Caph' 6-max Seat #1 is the button
Seat 1: peterpunkkkk (€11.60 in chips) 
Seat 2: leobcn9 (€10 in chips) 
Seat 3: pipinoelbreve9 (€16.66 in chips) 
Seat 4: hernandS&G (€11.92 in chips) 
Seat 5: LeDom66 (€10.61 in chips) 
Seat 6: grandpa83000 (€10.37 in chips) 
leobcn9: posts small blind €0.05
pipinoelbreve9: posts big blind €0.10
*** HOLE CARDS ***
Dealt to pipinoelbreve9 [Td 6h]
hernandS&G: raises €0.20 to €0.30
LeDom66: folds 
grandpa83000: folds 
peterpunkkkk: folds 
leobcn9: calls €0.25
pipinoelbreve9: folds 
*** FLOP *** [2h 7d 9d]
leobcn9: checks 
hernandS&G: checks 
*** TURN *** [2h 7d 9d] [4c]
leobcn9: checks 
hernandS&G: bets €0.30
leobcn9: calls €0.30
*** RIVER *** [2h 7d 9d 4c] [Kc]
leobcn9: checks 
hernandS&G: checks 
*** SHOW DOWN ***
leobcn9: shows [Ad Js] (high card Ace)
hernandS&G: shows [4h Ah] (a pair of Fours)
hernandS&G collected €1.24 from pot
*** SUMMARY ***
Total pot €1.30 | Rake €0.06 
Board [2h 7d 9d 4c Kc]
Seat 1: peterpunkkkk (button) folded before Flop (didn't bet)
Seat 2: leobcn9 (small blind) showed [Ad Js] and lost with high card Ace
Seat 3: pipinoelbreve9 (big blind) folded before Flop
Seat 4: hernandS&G showed [4h Ah] and won (€1.24) with a pair of Fours
Seat 5: LeDom66 folded before Flop (didn't bet)
Seat 6: grandpa83000 folded before Flop (didn't bet)



PokerStars Zoom Hand #258218339506:  Hold'em No Limit (€0.05/€0.10) - 2025/10/22 10:19:16 CET [2025/10/22 4:19:16 ET]
Table 'Caph' 6-max Seat #1 is the button
Seat 1: rsstatus (€10 in chips) 
Seat 2: pipinoelbreve9 (€16.56 in chips) 
Seat 3: Garcilaso AA (€10 in chips) 
Seat 4: hernandS&G (€10.27 in chips) 
Seat 5: lagasalahaga (€12.71 in chips) 
Seat 6: MagicVodka08 (€22.88 in chips) 
pipinoelbreve9: posts small blind €0.05
Garcilaso AA: posts big blind €0.10
*** HOLE CARDS ***
Dealt to pipinoelbreve9 [7d 6c]
hernandS&G: raises €0.20 to €0.30
lagasalahaga: folds 
MagicVodka08: folds 
rsstatus: folds 
pipinoelbreve9: folds 
Garcilaso AA: folds 
Uncalled bet (€0.20) returned to hernandS&G
hernandS&G collected €0.25 from pot
hernandS&G: doesn't show hand 
*** SUMMARY ***
Total pot €0.25 | Rake €0 
Seat 1: rsstatus (button) folded before Flop (didn't bet)
Seat 2: pipinoelbreve9 (small blind) folded before Flop
Seat 3: Garcilaso AA (big blind) folded before Flop
Seat 4: hernandS&G collected (€0.25)
Seat 5: lagasalahaga folded before Flop (didn't bet)
Seat 6: MagicVodka08 folded before Flop (didn't bet)



PokerStars Zoom Hand #258218338803:  Hold'em No Limit (€0.05/€0.10) - 2025/10/22 10:19:05 CET [2025/10/22 4:19:05 ET]
Table 'Caph' 6-max Seat #1 is the button
Seat 1: Split2902 (€10 in chips) 
Seat 2: WeeDDiegO (€10.18 in chips) 
Seat 3: Pablo94sg (€10.74 in chips) 
Seat 4: lagasalahaga (€17.05 in chips) 
Seat 5: pipinoelbreve9 (€16.56 in chips) 
Seat 6: NosoVinci (€5.10 in chips) 
WeeDDiegO: posts small blind €0.05
Pablo94sg: posts big blind €0.10
*** HOLE CARDS ***
Dealt to pipinoelbreve9 [5s 9d]
lagasalahaga: folds 
pipinoelbreve9: folds 
NosoVinci: folds 
Split2902: raises €0.15 to €0.25
WeeDDiegO: folds 
Pablo94sg: folds 
Uncalled bet (€0.15) returned to Split2902
Split2902 collected €0.25 from pot
Split2902: doesn't show hand 
*** SUMMARY ***
Total pot €0.25 | Rake €0 
Seat 1: Split2902 (button) collected (€0.25)
Seat 2: WeeDDiegO (small blind) folded before Flop
Seat 3: Pablo94sg (big blind) folded before Flop
Seat 4: lagasalahaga folded before Flop (didn't bet)
Seat 5: pipinoelbreve9 folded before Flop (didn't bet)
Seat 6: NosoVinci folded before Flop (didn't bet)



PokerStars Zoom Hand #258218337069:  Hold'em No Limit (€0.05/€0.10) - 2025/10/22 10:18:40 CET [2025/10/22 4:18:40 ET]
Table 'Caph' 6-max Seat #1 is the button
Seat 1: lagasalahaga (€17.05 in chips) 
Seat 2: peterpunkkkk (€10.37 in chips) 
Seat 3: boboy111 (€9.91 in chips) 
Seat 4: pipinoelbreve9 (€16.66 in chips) 
Seat 5: NIHHIL0 (€10.35 in chips) 
Seat 6: iurii machushak (€10 in chips) 
peterpunkkkk: posts small blind €0.05
boboy111: posts big blind €0.10
*** HOLE CARDS ***
Dealt to pipinoelbreve9 [5s Ts]
pipinoelbreve9: folds 
NIHHIL0: raises €0.20 to €0.30
iurii machushak: folds 
lagasalahaga: folds 
peterpunkkkk: calls €0.25
boboy111: raises €1.20 to €1.50
NIHHIL0: calls €1.20
peterpunkkkk: calls €1.20
*** FLOP *** [8h Td 6d]
peterpunkkkk: checks 
boboy111: checks 
NIHHIL0: bets €3.21
peterpunkkkk: raises €5.66 to €8.87 and is all-in
boboy111: folds 
NIHHIL0: calls €5.64 and is all-in
Uncalled bet (€0.02) returned to peterpunkkkk
*** TURN *** [8h Td 6d] [2h]
*** RIVER *** [8h Td 6d 2h] [Jc]
*** SHOW DOWN ***
peterpunkkkk: shows [8d 8c] (three of a kind, Eights)
NIHHIL0: shows [Qs Qh] (a pair of Queens)
peterpunkkkk collected €21.09 from pot
*** SUMMARY ***
Total pot €22.20 | Rake €1.11 
Board [8h Td 6d 2h Jc]
Seat 1: lagasalahaga (button) folded before Flop (didn't bet)
Seat 2: peterpunkkkk (small blind) showed [8d 8c] and won (€21.09) with three of a kind, Eights
Seat 3: boboy111 (big blind) folded on the Flop
Seat 4: pipinoelbreve9 folded before Flop (didn't bet)
Seat 5: NIHHIL0 showed [Qs Qh] and lost with a pair of Queens
Seat 6: iurii machushak folded before Flop (didn't bet)



PokerStars Zoom Hand #258218338391:  Hold'em No Limit (€0.05/€0.10) - 2025/10/22 10:18:59 CET [2025/10/22 4:18:59 ET]
Table 'Caph' 6-max Seat #1 is the button
Seat 1: pipinoelbreve9 (€16.56 in chips) 
Seat 2: lagasalahaga (€11.01 in chips) 
Seat 3: grandpa83000 (€10.37 in chips) 
Seat 4: peterpunkkkk (€11.60 in chips) 
Seat 5: Split2902 (€10 in chips) 
Seat 6: JVN_100 (€9.88 in chips) 
lagasalahaga: posts small blind €0.05
grandpa83000: posts big blind €0.10
*** HOLE CARDS ***
Dealt to pipinoelbreve9 [2h 9s]
peterpunkkkk: folds 
Split2902: folds 
JVN_100: raises €0.12 to €0.22
pipinoelbreve9: folds 
lagasalahaga: folds 
grandpa83000: calls €0.12
*** FLOP *** [Js 5h 5s]
grandpa83000: checks 
JVN_100: bets €0.16
grandpa83000: calls €0.16
*** TURN *** [Js 5h 5s] [7s]
grandpa83000: checks 
JVN_100: checks 
*** RIVER *** [Js 5h 5s 7s] [3d]
grandpa83000: bets €0.39
JVN_100: calls €0.39
*** SHOW DOWN ***
grandpa83000: shows [9h Ks] (a pair of Fives)
JVN_100: shows [Th 7h] (two pair, Sevens and Fives)
JVN_100 collected €1.51 from pot
*** SUMMARY ***
Total pot €1.59 | Rake €0.08 
Board [Js 5h 5s 7s 3d]
Seat 1: pipinoelbreve9 (button) folded before Flop (didn't bet)
Seat 2: lagasalahaga (small blind) folded before Flop
Seat 3: grandpa83000 (big blind) showed [9h Ks] and lost with a pair of Fives
Seat 4: peterpunkkkk folded before Flop (didn't bet)
Seat 5: Split2902 folded before Flop (didn't bet)
Seat 6: JVN_100 showed [Th 7h] and won (€1.51) with two pair, Sevens and Fives



PokerStars Zoom Hand #258218339241:  Hold'em No Limit (€0.05/€0.10) - 2025/10/22 10:19:12 CET [2025/10/22 4:19:12 ET]
Table 'Caph' 6-max Seat #1 is the button
Seat 1: carlos6x910 (€9.83 in chips) 
Seat 2: anais25 (€5.05 in chips) 
Seat 3: NosoVinci (€5.10 in chips) 
Seat 4: iurii machushak (€10.40 in chips) 
Seat 5: Garcilaso AA (€10 in chips) 
Seat 6: pipinoelbreve9 (€16.56 in chips) 
anais25: posts small blind €0.05
NosoVinci: posts big blind €0.10
*** HOLE CARDS ***
Dealt to pipinoelbreve9 [Jh 7s]
iurii machushak: folds 
Garcilaso AA: folds 
pipinoelbreve9: folds 
carlos6x910: calls €0.10
anais25: calls €0.05
NosoVinci: checks 
*** FLOP *** [Js Kh Ts]
anais25: checks 
NosoVinci: checks 
carlos6x910: checks 
*** TURN *** [Js Kh Ts] [4c]
anais25: checks 
NosoVinci: checks 
carlos6x910: bets €0.10
anais25: folds 
NosoVinci: folds 
Uncalled bet (€0.10) returned to carlos6x910
carlos6x910 collected €0.28 from pot
carlos6x910: doesn't show hand 
*** SUMMARY ***
Total pot €0.30 | Rake €0.02 
Board [Js Kh Ts 4c]
Seat 1: carlos6x910 (button) collected (€0.28)
Seat 2: anais25 (small blind) folded on the Turn
Seat 3: NosoVinci (big blind) folded on the Turn
Seat 4: iurii machushak folded before Flop (didn't bet)
Seat 5: Garcilaso AA folded before Flop (didn't bet)
Seat 6: pipinoelbreve9 folded before Flop (didn't bet)



PokerStars Zoom Hand #258218340158:  Hold'em No Limit (€0.05/€0.10) - 2025/10/22 10:19:26 CET [2025/10/22 4:19:26 ET]
Table 'Caph' 6-max Seat #1 is the button
Seat 1: fiku1 (€10.68 in chips) 
Seat 2: MagicVodka08 (€22.88 in chips) 
Seat 3: canter1n (€9.54 in chips) 
Seat 4: Pierre3640 (€4.80 in chips) 
Seat 5: lagasalahaga (€10.96 in chips) 
Seat 6: pipinoelbreve9 (€16.51 in chips) 
MagicVodka08: posts small blind €0.05
canter1n: posts big blind €0.10
*** HOLE CARDS ***
Dealt to pipinoelbreve9 [5s 5h]
Pierre3640: raises €0.20 to €0.30
lagasalahaga: folds 
pipinoelbreve9: calls €0.30
fiku1: folds 
MagicVodka08: folds 
canter1n: calls €0.20
*** FLOP *** [Kc 8c 3c]
canter1n: checks 
Pierre3640: checks 
pipinoelbreve9: bets €0.20
canter1n: calls €0.20
Pierre3640: raises €0.30 to €0.50
pipinoelbreve9: folds 
canter1n: folds 
Uncalled bet (€0.30) returned to Pierre3640
Pierre3640 collected €1.47 from pot
Pierre3640: doesn't show hand 
*** SUMMARY ***
Total pot €1.55 | Rake €0.08 
Board [Kc 8c 3c]
Seat 1: fiku1 (button) folded before Flop (didn't bet)
Seat 2: MagicVodka08 (small blind) folded before Flop
Seat 3: canter1n (big blind) folded on the Flop
Seat 4: Pierre3640 collected (€1.47)
Seat 5: lagasalahaga folded before Flop (didn't bet)
Seat 6: pipinoelbreve9 folded on the Flop



PokerStars Zoom Hand #258218342266:  Hold'em No Limit (€0.05/€0.10) - 2025/10/22 10:19:56 CET [2025/10/22 4:19:56 ET]
Table 'Caph' 6-max Seat #1 is the button
Seat 1: NIHHIL0 (€10 in chips) 
Seat 2: carlos6x910 (€10.01 in chips) 
Seat 3: hernandS&G (€12.12 in chips) 
Seat 4: MagicVodka08 (€22.83 in chips) 
Seat 5: pipinoelbreve9 (€16.01 in chips) 
Seat 6: StarsFCP (€4.90 in chips) 
carlos6x910: posts small blind €0.05
hernandS&G: posts big blind €0.10
*** HOLE CARDS ***
Dealt to pipinoelbreve9 [4h Qh]
MagicVodka08: folds 
pipinoelbreve9: folds 
StarsFCP: folds 
NIHHIL0: folds 
carlos6x910: folds 
Uncalled bet (€0.05) returned to hernandS&G
hernandS&G collected €0.10 from pot
hernandS&G: doesn't show hand 
*** SUMMARY ***
Total pot €0.10 | Rake €0 
Seat 1: NIHHIL0 (button) folded before Flop (didn't bet)
Seat 2: carlos6x910 (small blind) folded before Flop
Seat 3: hernandS&G (big blind) collected (€0.10)
Seat 4: MagicVodka08 folded before Flop (didn't bet)
Seat 5: pipinoelbreve9 folded before Flop (didn't bet)
Seat 6: StarsFCP folded before Flop (didn't bet)



PokerStars Zoom Hand #258218339918:  Hold'em No Limit (€0.05/€0.10) - 2025/10/22 10:19:22 CET [2025/10/22 4:19:22 ET]
Table 'Caph' 6-max Seat #1 is the button
Seat 1: pipinoelbreve9 (€16.51 in chips) 
Seat 2: Garcilaso AA (€10 in chips) 
Seat 3: Split2902 (€23.35 in chips) 
Seat 4: NIHHIL0 (€10 in chips) 
Seat 5: iurii machushak (€10 in chips) 
Seat 6: leobcn9 (€10 in chips) 
Garcilaso AA: posts small blind €0.05
Split2902: posts big blind €0.10
*** HOLE CARDS ***
Dealt to pipinoelbreve9 [Qd 4h]
NIHHIL0: raises €0.20 to €0.30
iurii machushak: folds 
leobcn9: calls €0.30
pipinoelbreve9: folds 
Garcilaso AA: calls €0.25
Split2902: folds 
*** FLOP *** [Ah Ac 2c]
Garcilaso AA: checks 
NIHHIL0: checks 
leobcn9: bets €0.30
Garcilaso AA: folds 
NIHHIL0: calls €0.30
*** TURN *** [Ah Ac 2c] [Jh]
NIHHIL0: checks 
leobcn9: checks 
*** RIVER *** [Ah Ac 2c Jh] [8c]
NIHHIL0: checks 
leobcn9: checks 
*** SHOW DOWN ***
NIHHIL0: shows [6c 6d] (two pair, Aces and Sixes)
leobcn9: mucks hand 
NIHHIL0 collected €1.52 from pot
*** SUMMARY ***
Total pot €1.60 | Rake €0.08 
Board [Ah Ac 2c Jh 8c]
Seat 1: pipinoelbreve9 (button) folded before Flop (didn't bet)
Seat 2: Garcilaso AA (small blind) folded on the Flop
Seat 3: Split2902 (big blind) folded before Flop
Seat 4: NIHHIL0 showed [6c 6d] and won (€1.52) with two pair, Aces and Sixes
Seat 5: iurii machushak folded before Flop (didn't bet)
Seat 6: leobcn9 mucked [5h 5c]



PokerStars Zoom Hand #258218343420:  Hold'em No Limit (€0.05/€0.10) - 2025/10/22 10:20:13 CET [2025/10/22 4:20:13 ET]
Table 'Caph' 6-max Seat #1 is the button
Seat 1: boboy111 (€8.46 in chips) 
Seat 2: pipinoelbreve9 (€15.91 in chips) 
Seat 3: Garcilaso AA (€10 in chips) 
Seat 4: grandpa83000 (€9.75 in chips) 
Seat 5: peterpunkkkk (€11.73 in chips) 
Seat 6: NIHHIL0 (€10 in chips) 
pipinoelbreve9: posts small blind €0.05
Garcilaso AA: posts big blind €0.10
*** HOLE CARDS ***
Dealt to pipinoelbreve9 [8d 3s]
grandpa83000: folds 
peterpunkkkk: folds 
NIHHIL0: folds 
boboy111: folds 
pipinoelbreve9: folds 
Uncalled bet (€0.05) returned to Garcilaso AA
Garcilaso AA collected €0.10 from pot
Garcilaso AA: doesn't show hand 
*** SUMMARY ***
Total pot €0.10 | Rake €0 
Seat 1: boboy111 (button) folded before Flop (didn't bet)
Seat 2: pipinoelbreve9 (small blind) folded before Flop
Seat 3: Garcilaso AA (big blind) collected (€0.10)
Seat 4: grandpa83000 folded before Flop (didn't bet)
Seat 5: peterpunkkkk folded before Flop (didn't bet)
Seat 6: NIHHIL0 folded before Flop (didn't bet)



PokerStars Zoom Hand #258218344138:  Hold'em No Limit (€0.05/€0.10) - 2025/10/22 10:20:23 CET [2025/10/22 4:20:23 ET]
Table 'Caph' 6-max Seat #1 is the button
Seat 1: GAROTYS (€4.85 in chips) 
Seat 2: lagasalahaga (€12.76 in chips) 
Seat 3: peterpunkkkk (€11.73 in chips) 
Seat 4: pipinoelbreve9 (€15.86 in chips) 
Seat 5: hernandS&G (€10.27 in chips) 
Seat 6: manelcc4 (€20.48 in chips) 
lagasalahaga: posts small blind €0.05
peterpunkkkk: posts big blind €0.10
*** HOLE CARDS ***
Dealt to pipinoelbreve9 [4h Td]
pipinoelbreve9: folds 
hernandS&G: folds 
manelcc4: folds 
GAROTYS: folds 
lagasalahaga: folds 
Uncalled bet (€0.05) returned to peterpunkkkk
peterpunkkkk collected €0.10 from pot
peterpunkkkk: doesn't show hand 
*** SUMMARY ***
Total pot €0.10 | Rake €0 
Seat 1: GAROTYS (button) folded before Flop (didn't bet)
Seat 2: lagasalahaga (small blind) folded before Flop
Seat 3: peterpunkkkk (big blind) collected (€0.10)
Seat 4: pipinoelbreve9 folded before Flop (didn't bet)
Seat 5: hernandS&G folded before Flop (didn't bet)
Seat 6: manelcc4 folded before Flop (didn't bet)



PokerStars Zoom Hand #258218344705:  Hold'em No Limit (€0.05/€0.10) - 2025/10/22 10:20:31 CET [2025/10/22 4:20:31 ET]
Table 'Caph' 6-max Seat #1 is the button
Seat 1: hernandS&G (€10.27 in chips) 
Seat 2: NIHHIL0 (€10 in chips) 
Seat 3: 8Kraken88 (€13.59 in chips) 
Seat 4: pipinoelbreve9 (€15.86 in chips) 
Seat 5: GAROTYS (€4.85 in chips) 
Seat 6: LeDom66 (€10 in chips) 
NIHHIL0: posts small blind €0.05
8Kraken88: posts big blind €0.10
*** HOLE CARDS ***
Dealt to pipinoelbreve9 [Ts Qc]
pipinoelbreve9: folds 
GAROTYS: folds 
LeDom66: folds 
hernandS&G: folds 
NIHHIL0: folds 
Uncalled bet (€0.05) returned to 8Kraken88
8Kraken88 collected €0.10 from pot
8Kraken88: doesn't show hand 
*** SUMMARY ***
Total pot €0.10 | Rake €0 
Seat 1: hernandS&G (button) folded before Flop (didn't bet)
Seat 2: NIHHIL0 (small blind) folded before Flop
Seat 3: 8Kraken88 (big blind) collected (€0.10)
Seat 4: pipinoelbreve9 folded before Flop (didn't bet)
Seat 5: GAROTYS folded before Flop (didn't bet)
Seat 6: LeDom66 folded before Flop (didn't bet)



PokerStars Zoom Hand #258218342662:  Hold'em No Limit (€0.05/€0.10) - 2025/10/22 10:20:02 CET [2025/10/22 4:20:02 ET]
Table 'Caph' 6-max Seat #1 is the button
Seat 1: Garcilaso AA (€10 in chips) 
Seat 2: NIHHIL0 (€10 in chips) 
Seat 3: pipinoelbreve9 (€16.01 in chips) 
Seat 4: MagicVodka08 (€22.83 in chips) 
Seat 5: NosoVinci (€5 in chips) 
Seat 6: canter1n (€8.99 in chips) 
NIHHIL0: posts small blind €0.05
pipinoelbreve9: posts big blind €0.10
*** HOLE CARDS ***
Dealt to pipinoelbreve9 [Qs 3d]
MagicVodka08: raises €0.15 to €0.25
NosoVinci: calls €0.25
canter1n: calls €0.25
Garcilaso AA: folds 
NIHHIL0: folds 
pipinoelbreve9: folds 
*** FLOP *** [4d 8c 7d]
MagicVodka08: bets €0.33
NosoVinci: folds 
canter1n: folds 
Uncalled bet (€0.33) returned to MagicVodka08
MagicVodka08 collected €0.86 from pot
MagicVodka08: doesn't show hand 
*** SUMMARY ***
Total pot €0.90 | Rake €0.04 
Board [4d 8c 7d]
Seat 1: Garcilaso AA (button) folded before Flop (didn't bet)
Seat 2: NIHHIL0 (small blind) folded before Flop
Seat 3: pipinoelbreve9 (big blind) folded before Flop
Seat 4: MagicVodka08 collected (€0.86)
Seat 5: NosoVinci folded on the Flop
Seat 6: canter1n folded on the Flop



