PokerStars Zoom Hand #258206268965:  Hold'em No Limit (€0.05/€0.10) - 2025/10/21 10:48:31 CET [2025/10/21 4:48:31 ET]
Table 'Caph' 6-max Seat #1 is the button
Seat 1: peterpunkkkk (€10.16 in chips) 
Seat 2: urii4884 (€6.15 in chips) 
Seat 3: JimyCarter90 (€1.83 in chips) 
Seat 4: jayKOdee (€15.13 in chips) 
Seat 5: bibimott (€13.84 in chips) 
Seat 6: pipinoelbreve9 (€10 in chips) 
urii4884: posts small blind €0.05
JimyCarter90: posts big blind €0.10
*** HOLE CARDS ***
Dealt to pipinoelbreve9 [2d 6d]
jayKOdee: folds 
bibimott: folds 
pipinoelbreve9: folds 
peterpunkkkk: folds 
urii4884: folds 
Uncalled bet (€0.05) returned to JimyCarter90
JimyCarter90 collected €0.10 from pot
JimyCarter90: doesn't show hand 
*** SUMMARY ***
Total pot €0.10 | Rake €0 
Seat 1: peterpunkkkk (button) folded before Flop (didn't bet)
Seat 2: urii4884 (small blind) folded before Flop
Seat 3: JimyCarter90 (big blind) collected (€0.10)
Seat 4: jayKOdee folded before Flop (didn't bet)
Seat 5: bibimott folded before Flop (didn't bet)
Seat 6: pipinoelbreve9 folded before Flop (didn't bet)



PokerStars Zoom Hand #258206267631:  Hold'em No Limit (€0.05/€0.10) - 2025/10/21 10:48:14 CET [2025/10/21 4:48:14 ET]
Table 'Caph' 6-max Seat #1 is the button
Seat 1: Ikeeraldaii (€12.57 in chips) 
Seat 2: Macku320 (€10.50 in chips) 
Seat 3: pipinoelbreve9 (€10 in chips) 
Seat 4: MagicVodka08 (€11.91 in chips) 
Seat 5: ElPaKy22 (€11.59 in chips) 
Seat 6: 50_no_Jutsu (€16.48 in chips) 
Macku320: posts small blind €0.05
pipinoelbreve9: posts big blind €0.10
*** HOLE CARDS ***
Dealt to pipinoelbreve9 [9c 8h]
MagicVodka08: raises €0.15 to €0.25
ElPaKy22: folds 
50_no_Jutsu: raises €0.40 to €0.65
Ikeeraldaii: folds 
Macku320: folds 
pipinoelbreve9: folds 
MagicVodka08: raises €1.10 to €1.75
50_no_Jutsu: folds 
Uncalled bet (€1.10) returned to MagicVodka08
MagicVodka08 collected €1.45 from pot
MagicVodka08: doesn't show hand 
*** SUMMARY ***
Total pot €1.45 | Rake €0 
Seat 1: Ikeeraldaii (button) folded before Flop (didn't bet)
Seat 2: Macku320 (small blind) folded before Flop
Seat 3: pipinoelbreve9 (big blind) folded before Flop
Seat 4: MagicVodka08 collected (€1.45)
Seat 5: ElPaKy22 folded before Flop (didn't bet)
Seat 6: 50_no_Jutsu folded before Flop



PokerStars Zoom Hand #258206268421:  Hold'em No Limit (€0.05/€0.10) - 2025/10/21 10:48:24 CET [2025/10/21 4:48:24 ET]
Table 'Caph' 6-max Seat #1 is the button
Seat 1: 2Jm2 (€10.86 in chips) 
Seat 2: pipinoelbreve9 (€10 in chips) 
Seat 3: cAllAnnie2 (€10 in chips) 
Seat 4: urii4884 (€6.15 in chips) 
Seat 5: jayKOdee (€15.13 in chips) 
Seat 6: lagasalahaga (€10 in chips) 
pipinoelbreve9: posts small blind €0.05
cAllAnnie2: posts big blind €0.10
*** HOLE CARDS ***
Dealt to pipinoelbreve9 [4c 6d]
urii4884: folds 
jayKOdee: folds 
lagasalahaga: folds 
2Jm2: raises €0.15 to €0.25
pipinoelbreve9: folds 
cAllAnnie2: calls €0.15
*** FLOP *** [Ac Qh 8d]
cAllAnnie2: checks 
2Jm2: bets €0.20
cAllAnnie2: calls €0.20
*** TURN *** [Ac Qh 8d] [8h]
cAllAnnie2: checks 
2Jm2: bets €0.48
cAllAnnie2: folds 
Uncalled bet (€0.48) returned to 2Jm2
2Jm2 collected €0.90 from pot
2Jm2: doesn't show hand 
*** SUMMARY ***
Total pot €0.95 | Rake €0.05 
Board [Ac Qh 8d 8h]
Seat 1: 2Jm2 (button) collected (€0.90)
Seat 2: pipinoelbreve9 (small blind) folded before Flop
Seat 3: cAllAnnie2 (big blind) folded on the Turn
Seat 4: urii4884 folded before Flop (didn't bet)
Seat 5: jayKOdee folded before Flop (didn't bet)
Seat 6: lagasalahaga folded before Flop (didn't bet)



PokerStars Zoom Hand #258206270041:  Hold'em No Limit (€0.05/€0.10) - 2025/10/21 10:48:45 CET [2025/10/21 4:48:45 ET]
Table 'Caph' 6-max Seat #1 is the button
Seat 1: Manu053 (€6.16 in chips) 
Seat 2: StarsFCP (€4.90 in chips) 
Seat 3: keyzerzoze (€4.90 in chips) 
Seat 4: lagasalahaga (€10 in chips) 
Seat 5: pipinoelbreve9 (€10 in chips) 
Seat 6: cAllAnnie2 (€15.28 in chips) 
StarsFCP: posts small blind €0.05
keyzerzoze: posts big blind €0.10
*** HOLE CARDS ***
Dealt to pipinoelbreve9 [Kc Jc]
lagasalahaga: folds 
pipinoelbreve9: raises €0.20 to €0.30
cAllAnnie2: folds 
Manu053: raises €0.75 to €1.05
StarsFCP: folds 
keyzerzoze: folds 
pipinoelbreve9: calls €0.75
*** FLOP *** [8s Jh 2c]
pipinoelbreve9: checks 
Manu053: bets €0.64
pipinoelbreve9: calls €0.64
*** TURN *** [8s Jh 2c] [3d]
pipinoelbreve9: checks 
Manu053: checks 
*** RIVER *** [8s Jh 2c 3d] [Th]
pipinoelbreve9: checks 
Manu053: checks 
*** SHOW DOWN ***
pipinoelbreve9: shows [Kc Jc] (a pair of Jacks)
Manu053: mucks hand 
pipinoelbreve9 collected €3.35 from pot
*** SUMMARY ***
Total pot €3.53 | Rake €0.18 
Board [8s Jh 2c 3d Th]
Seat 1: Manu053 (button) mucked [5d 5c]
Seat 2: StarsFCP (small blind) folded before Flop
Seat 3: keyzerzoze (big blind) folded before Flop
Seat 4: lagasalahaga folded before Flop (didn't bet)
Seat 5: pipinoelbreve9 showed [Kc Jc] and won (€3.35) with a pair of Jacks
Seat 6: cAllAnnie2 folded before Flop (didn't bet)



PokerStars Zoom Hand #258206273352:  Hold'em No Limit (€0.05/€0.10) - 2025/10/21 10:49:29 CET [2025/10/21 4:49:29 ET]
Table 'Caph' 6-max Seat #1 is the button
Seat 1: madacoco (€10.01 in chips) 
Seat 2: peterpunkkkk (€10.06 in chips) 
Seat 3: pipinoelbreve9 (€11.66 in chips) 
Seat 4: ElPaKy22 (€10.64 in chips) 
Seat 5: 2Jm2 (€19.23 in chips) 
Seat 6: freddygvegas (€10 in chips) 
peterpunkkkk: posts small blind €0.05
pipinoelbreve9: posts big blind €0.10
*** HOLE CARDS ***
Dealt to pipinoelbreve9 [Kh 6s]
ElPaKy22: folds 
2Jm2: folds 
freddygvegas: folds 
madacoco: folds 
peterpunkkkk: folds 
Uncalled bet (€0.05) returned to pipinoelbreve9
pipinoelbreve9 collected €0.10 from pot
pipinoelbreve9: doesn't show hand 
*** SUMMARY ***
Total pot €0.10 | Rake €0 
Seat 1: madacoco (button) folded before Flop (didn't bet)
Seat 2: peterpunkkkk (small blind) folded before Flop
Seat 3: pipinoelbreve9 (big blind) collected (€0.10)
Seat 4: ElPaKy22 folded before Flop (didn't bet)
Seat 5: 2Jm2 folded before Flop (didn't bet)
Seat 6: freddygvegas folded before Flop (didn't bet)



PokerStars Zoom Hand #258206272775:  Hold'em No Limit (€0.05/€0.10) - 2025/10/21 10:49:21 CET [2025/10/21 4:49:21 ET]
Table 'Caph' 6-max Seat #1 is the button
Seat 1: djsenku (€5.08 in chips) 
Seat 2: JPAX777 (€10.15 in chips) 
Seat 3: peterpunkkkk (€13.79 in chips) 
Seat 4: Bertolin300 (€6.38 in chips) 
Seat 5: pipinoelbreve9 (€11.66 in chips) 
Seat 6: bibimott (€13.69 in chips) 
JPAX777: posts small blind €0.05
peterpunkkkk: posts big blind €0.10
*** HOLE CARDS ***
Dealt to pipinoelbreve9 [5s Jc]
Bertolin300: folds 
pipinoelbreve9: folds 
bibimott: raises €0.20 to €0.30
djsenku: calls €0.30
JPAX777: folds 
peterpunkkkk: folds 
*** FLOP *** [4d Qd 9c]
bibimott: checks 
djsenku: bets €0.20
bibimott: folds 
Uncalled bet (€0.20) returned to djsenku
djsenku collected €0.71 from pot
djsenku: doesn't show hand 
*** SUMMARY ***
Total pot €0.75 | Rake €0.04 
Board [4d Qd 9c]
Seat 1: djsenku (button) collected (€0.71)
Seat 2: JPAX777 (small blind) folded before Flop
Seat 3: peterpunkkkk (big blind) folded before Flop
Seat 4: Bertolin300 folded before Flop (didn't bet)
Seat 5: pipinoelbreve9 folded before Flop (didn't bet)
Seat 6: bibimott folded on the Flop



PokerStars Zoom Hand #258206275057:  Hold'em No Limit (€0.05/€0.10) - 2025/10/21 10:49:51 CET [2025/10/21 4:49:51 ET]
Table 'Caph' 6-max Seat #1 is the button
Seat 1: MagicVodka08 (€13.39 in chips) 
Seat 2: pipinoelbreve9 (€11.71 in chips) 
Seat 3: Lomsan (€8 in chips) 
Seat 4: Macku320 (€10.30 in chips) 
Seat 5: Manu053 (€4.17 in chips) 
Seat 6: margog55 (€6.59 in chips) 
pipinoelbreve9: posts small blind €0.05
Lomsan: posts big blind €0.10
*** HOLE CARDS ***
Dealt to pipinoelbreve9 [2h 5c]
Macku320: folds 
Manu053: raises €0.10 to €0.20
margog55: folds 
MagicVodka08: folds 
pipinoelbreve9: folds 
Lomsan: folds 
Uncalled bet (€0.10) returned to Manu053
Manu053 collected €0.25 from pot
Manu053: doesn't show hand 
*** SUMMARY ***
Total pot €0.25 | Rake €0 
Seat 1: MagicVodka08 (button) folded before Flop (didn't bet)
Seat 2: pipinoelbreve9 (small blind) folded before Flop
Seat 3: Lomsan (big blind) folded before Flop
Seat 4: Macku320 folded before Flop (didn't bet)
Seat 5: Manu053 collected (€0.25)
Seat 6: margog55 folded before Flop (didn't bet)



PokerStars Zoom Hand #258206269356:  Hold'em No Limit (€0.05/€0.10) - 2025/10/21 10:48:36 CET [2025/10/21 4:48:36 ET]
Table 'Caph' 6-max Seat #1 is the button
Seat 1: pipinoelbreve9 (€10 in chips) 
Seat 2: 2Jm2 (€19.23 in chips) 
Seat 3: Macku320 (€10.45 in chips) 
Seat 4: jayKOdee (€15.13 in chips) 
Seat 5: ElPaKy22 (€13.34 in chips) 
Seat 6: edraz11 (€16.64 in chips) 
2Jm2: posts small blind €0.05
Macku320: posts big blind €0.10
*** HOLE CARDS ***
Dealt to pipinoelbreve9 [6s Qd]
jayKOdee: raises €0.20 to €0.30
ElPaKy22: folds 
edraz11: calls €0.30
pipinoelbreve9: folds 
2Jm2: folds 
Macku320: folds 
*** FLOP *** [9s Td Jd]
jayKOdee: bets €0.36
edraz11: calls €0.36
*** TURN *** [9s Td Jd] [Kc]
jayKOdee: bets €0.70
edraz11: calls €0.70
*** RIVER *** [9s Td Jd Kc] [Th]
jayKOdee: checks 
edraz11: bets €1.37
jayKOdee: folds 
Uncalled bet (€1.37) returned to edraz11
edraz11 collected €2.73 from pot
edraz11: doesn't show hand 
*** SUMMARY ***
Total pot €2.87 | Rake €0.14 
Board [9s Td Jd Kc Th]
Seat 1: pipinoelbreve9 (button) folded before Flop (didn't bet)
Seat 2: 2Jm2 (small blind) folded before Flop
Seat 3: Macku320 (big blind) folded before Flop
Seat 4: jayKOdee folded on the River
Seat 5: ElPaKy22 folded before Flop (didn't bet)
Seat 6: edraz11 collected (€2.73)



PokerStars Zoom Hand #258206275358:  Hold'em No Limit (€0.05/€0.10) - 2025/10/21 10:49:55 CET [2025/10/21 4:49:55 ET]
Table 'Caph' 6-max Seat #1 is the button
Seat 1: pipinoelbreve9 (€11.66 in chips) 
Seat 2: Macku320 (€10.15 in chips) 
Seat 3: freddygvegas (€10.38 in chips) 
Seat 4: JRG244 (€10 in chips) 
Seat 5: bibimott (€13.39 in chips) 
Seat 6: FllanosB (€15.87 in chips) 
Macku320: posts small blind €0.05
freddygvegas: posts big blind €0.10
*** HOLE CARDS ***
Dealt to pipinoelbreve9 [4s 6c]
JRG244: folds 
bibimott: folds 
FllanosB: raises €0.10 to €0.20
pipinoelbreve9: folds 
Macku320: folds 
freddygvegas: folds 
Uncalled bet (€0.10) returned to FllanosB
FllanosB collected €0.25 from pot
FllanosB: doesn't show hand 
*** SUMMARY ***
Total pot €0.25 | Rake €0 
Seat 1: pipinoelbreve9 (button) folded before Flop (didn't bet)
Seat 2: Macku320 (small blind) folded before Flop
Seat 3: freddygvegas (big blind) folded before Flop
Seat 4: JRG244 folded before Flop (didn't bet)
Seat 5: bibimott folded before Flop (didn't bet)
Seat 6: FllanosB collected (€0.25)



PokerStars Zoom Hand #258206276523:  Hold'em No Limit (€0.05/€0.10) - 2025/10/21 10:50:10 CET [2025/10/21 4:50:10 ET]
Table 'Caph' 6-max Seat #1 is the button
Seat 1: STEAKssss (€10 in chips) 
Seat 2: Ikeeraldaii (€15.32 in chips) 
Seat 3: Ruben_osm (€11.44 in chips) 
Seat 4: pipinoelbreve9 (€11.66 in chips) 
Seat 5: jayKOdee (€18.27 in chips) 
Seat 6: etimo199 (€2.95 in chips) 
Ikeeraldaii: posts small blind €0.05
Ruben_osm: posts big blind €0.10
*** HOLE CARDS ***
Dealt to pipinoelbreve9 [7s Td]
pipinoelbreve9: folds 
jayKOdee: folds 
etimo199: calls €0.10
STEAKssss: folds 
Ikeeraldaii: folds 
Ruben_osm: checks 
*** FLOP *** [6d 2c 9h]
Ruben_osm: bets €0.10
etimo199: folds 
Uncalled bet (€0.10) returned to Ruben_osm
Ruben_osm collected €0.24 from pot
Ruben_osm: doesn't show hand 
*** SUMMARY ***
Total pot €0.25 | Rake €0.01 
Board [6d 2c 9h]
Seat 1: STEAKssss (button) folded before Flop (didn't bet)
Seat 2: Ikeeraldaii (small blind) folded before Flop
Seat 3: Ruben_osm (big blind) collected (€0.24)
Seat 4: pipinoelbreve9 folded before Flop (didn't bet)
Seat 5: jayKOdee folded before Flop (didn't bet)
Seat 6: etimo199 folded on the Flop



PokerStars Zoom Hand #258206276162:  Hold'em No Limit (€0.05/€0.10) - 2025/10/21 10:50:06 CET [2025/10/21 4:50:06 ET]
Table 'Caph' 6-max Seat #1 is the button
Seat 1: jayKOdee (€13.77 in chips) 
Seat 2: etimo199 (€3 in chips) 
Seat 3: Manu053 (€4.32 in chips) 
Seat 4: pipinoelbreve9 (€11.66 in chips) 
Seat 5: margog55 (€6.59 in chips) 
Seat 6: MagicVodka08 (€13.39 in chips) 
etimo199: posts small blind €0.05
Manu053: posts big blind €0.10
*** HOLE CARDS ***
Dealt to pipinoelbreve9 [7c 2h]
pipinoelbreve9: folds 
margog55: folds 
MagicVodka08: folds 
jayKOdee: folds 
etimo199: folds 
Uncalled bet (€0.05) returned to Manu053
Manu053 collected €0.10 from pot
Manu053: doesn't show hand 
*** SUMMARY ***
Total pot €0.10 | Rake €0 
Seat 1: jayKOdee (button) folded before Flop (didn't bet)
Seat 2: etimo199 (small blind) folded before Flop
Seat 3: Manu053 (big blind) collected (€0.10)
Seat 4: pipinoelbreve9 folded before Flop (didn't bet)
Seat 5: margog55 folded before Flop (didn't bet)
Seat 6: MagicVodka08 folded before Flop (didn't bet)



PokerStars Zoom Hand #258206275840:  Hold'em No Limit (€0.05/€0.10) - 2025/10/21 10:50:01 CET [2025/10/21 4:50:01 ET]
Table 'Caph' 6-max Seat #1 is the button
Seat 1: etimo199 (€3 in chips) 
Seat 2: keyzerzoze (€4.60 in chips) 
Seat 3: lagasalahaga (€13.69 in chips) 
Seat 4: bibimott (€13.39 in chips) 
Seat 5: pipinoelbreve9 (€11.66 in chips) 
Seat 6: Macku320 (€10 in chips) 
keyzerzoze: posts small blind €0.05
lagasalahaga: posts big blind €0.10
*** HOLE CARDS ***
Dealt to pipinoelbreve9 [4s 9c]
bibimott: folds 
pipinoelbreve9: folds 
Macku320: raises €0.13 to €0.23
etimo199: folds 
keyzerzoze: folds 
lagasalahaga: raises €0.87 to €1.10
Macku320: folds 
Uncalled bet (€0.87) returned to lagasalahaga
lagasalahaga collected €0.51 from pot
lagasalahaga: doesn't show hand 
*** SUMMARY ***
Total pot €0.51 | Rake €0 
Seat 1: etimo199 (button) folded before Flop (didn't bet)
Seat 2: keyzerzoze (small blind) folded before Flop
Seat 3: lagasalahaga (big blind) collected (€0.51)
Seat 4: bibimott folded before Flop (didn't bet)
Seat 5: pipinoelbreve9 folded before Flop (didn't bet)
Seat 6: Macku320 folded before Flop



PokerStars Zoom Hand #258206275592:  Hold'em No Limit (€0.05/€0.10) - 2025/10/21 10:49:58 CET [2025/10/21 4:49:58 ET]
Table 'Caph' 6-max Seat #1 is the button
Seat 1: JPAX777 (€10 in chips) 
Seat 2: pipatchie728 (€6.72 in chips) 
Seat 3: FLOW4422646 (€3.37 in chips) 
Seat 4: peterpunkkkk (€10.01 in chips) 
Seat 5: ElPaKy22 (€10.39 in chips) 
Seat 6: pipinoelbreve9 (€11.66 in chips) 
pipatchie728: posts small blind €0.05
FLOW4422646: posts big blind €0.10
*** HOLE CARDS ***
Dealt to pipinoelbreve9 [7s 9c]
peterpunkkkk: folds 
ElPaKy22: raises €0.16 to €0.26
pipinoelbreve9: folds 
JPAX777: folds 
pipatchie728: calls €0.21
FLOW4422646: folds 
*** FLOP *** [Td 6h Jd]
pipatchie728: checks 
ElPaKy22: bets €0.39
pipatchie728: calls €0.39
*** TURN *** [Td 6h Jd] [4s]
pipatchie728: bets €0.67
ElPaKy22: raises €2.53 to €3.20
pipatchie728: calls €2.53
*** RIVER *** [Td 6h Jd 4s] [8d]
pipatchie728: bets €2.87 and is all-in
ElPaKy22: calls €2.87
*** SHOW DOWN ***
pipatchie728: shows [Ad 3d] (a flush, Ace high)
ElPaKy22: shows [Qs Qh] (a pair of Queens)
pipatchie728 collected €12.86 from pot
*** SUMMARY ***
Total pot €13.54 | Rake €0.68 
Board [Td 6h Jd 4s 8d]
Seat 1: JPAX777 (button) folded before Flop (didn't bet)
Seat 2: pipatchie728 (small blind) showed [Ad 3d] and won (€12.86) with a flush, Ace high
Seat 3: FLOW4422646 (big blind) folded before Flop
Seat 4: peterpunkkkk folded before Flop (didn't bet)
Seat 5: ElPaKy22 showed [Qs Qh] and lost with a pair of Queens
Seat 6: pipinoelbreve9 folded before Flop (didn't bet)



PokerStars Zoom Hand #258206276768:  Hold'em No Limit (€0.05/€0.10) - 2025/10/21 10:50:14 CET [2025/10/21 4:50:14 ET]
Table 'Caph' 6-max Seat #1 is the button
Seat 1: peterpunkkkk (€14.69 in chips) 
Seat 2: LeDom66 (€18.73 in chips) 
Seat 3: pipinoelbreve9 (€11.66 in chips) 
Seat 4: freddygvegas (€10.28 in chips) 
Seat 5: ElPaKy22 (€10.34 in chips) 
Seat 6: jayKOdee (€18.27 in chips) 
LeDom66: posts small blind €0.05
pipinoelbreve9: posts big blind €0.10
*** HOLE CARDS ***
Dealt to pipinoelbreve9 [7c Kd]
freddygvegas: folds 
ElPaKy22: folds 
jayKOdee: folds 
peterpunkkkk: raises €0.15 to €0.25
LeDom66: folds 
pipinoelbreve9: calls €0.15
*** FLOP *** [9s 5c 5d]
pipinoelbreve9: checks 
peterpunkkkk: bets €0.17
pipinoelbreve9: calls €0.17
*** TURN *** [9s 5c 5d] [6h]
pipinoelbreve9: checks 
peterpunkkkk: checks 
*** RIVER *** [9s 5c 5d 6h] [4h]
pipinoelbreve9: bets €0.43
peterpunkkkk: folds 
Uncalled bet (€0.43) returned to pipinoelbreve9
pipinoelbreve9 collected €0.85 from pot
pipinoelbreve9: doesn't show hand 
*** SUMMARY ***
Total pot €0.89 | Rake €0.04 
Board [9s 5c 5d 6h 4h]
Seat 1: peterpunkkkk (button) folded on the River
Seat 2: LeDom66 (small blind) folded before Flop
Seat 3: pipinoelbreve9 (big blind) collected (€0.85)
Seat 4: freddygvegas folded before Flop (didn't bet)
Seat 5: ElPaKy22 folded before Flop (didn't bet)
Seat 6: jayKOdee folded before Flop (didn't bet)



PokerStars Zoom Hand #258206282338:  Hold'em No Limit (€0.05/€0.10) - 2025/10/21 10:51:27 CET [2025/10/21 4:51:27 ET]
Table 'Caph' 6-max Seat #1 is the button
Seat 1: MagicVodka08 (€13.77 in chips) 
Seat 2: pipinoelbreve9 (€12.04 in chips) 
Seat 3: cAllAnnie2 (€16.49 in chips) 
Seat 4: dd10230 (€8.39 in chips) 
Seat 5: ElPaKy22 (€15.53 in chips) 
Seat 6: lagasalahaga (€10.60 in chips) 
pipinoelbreve9: posts small blind €0.05
cAllAnnie2: posts big blind €0.10
*** HOLE CARDS ***
Dealt to pipinoelbreve9 [4h 9s]
dd10230: folds 
ElPaKy22: raises €0.16 to €0.26
lagasalahaga: folds 
MagicVodka08: folds 
pipinoelbreve9: folds 
cAllAnnie2: folds 
Uncalled bet (€0.16) returned to ElPaKy22
ElPaKy22 collected €0.25 from pot
ElPaKy22: doesn't show hand 
*** SUMMARY ***
Total pot €0.25 | Rake €0 
Seat 1: MagicVodka08 (button) folded before Flop (didn't bet)
Seat 2: pipinoelbreve9 (small blind) folded before Flop
Seat 3: cAllAnnie2 (big blind) folded before Flop
Seat 4: dd10230 folded before Flop (didn't bet)
Seat 5: ElPaKy22 collected (€0.25)
Seat 6: lagasalahaga folded before Flop (didn't bet)



PokerStars Zoom Hand #258206283000:  Hold'em No Limit (€0.05/€0.10) - 2025/10/21 10:51:36 CET [2025/10/21 4:51:36 ET]
Table 'Caph' 6-max Seat #1 is the button
Seat 1: lagasalahaga (€10.60 in chips) 
Seat 2: MagicVodka08 (€13.77 in chips) 
Seat 3: Macku320 (€10 in chips) 
Seat 4: pipinoelbreve9 (€11.99 in chips) 
Seat 5: ElPaKy22 (€10 in chips) 
Seat 6: NAlexandru22 (€6.31 in chips) 
MagicVodka08: posts small blind €0.05
Macku320: posts big blind €0.10
*** HOLE CARDS ***
Dealt to pipinoelbreve9 [3h Qs]
pipinoelbreve9: folds 
ElPaKy22: folds 
NAlexandru22: folds 
lagasalahaga: folds 
MagicVodka08: folds 
Uncalled bet (€0.05) returned to Macku320
Macku320 collected €0.10 from pot
Macku320: doesn't show hand 
*** SUMMARY ***
Total pot €0.10 | Rake €0 
Seat 1: lagasalahaga (button) folded before Flop (didn't bet)
Seat 2: MagicVodka08 (small blind) folded before Flop
Seat 3: Macku320 (big blind) collected (€0.10)
Seat 4: pipinoelbreve9 folded before Flop (didn't bet)
Seat 5: ElPaKy22 folded before Flop (didn't bet)
Seat 6: NAlexandru22 folded before Flop (didn't bet)



PokerStars Zoom Hand #258206280800:  Hold'em No Limit (€0.05/€0.10) - 2025/10/21 10:51:06 CET [2025/10/21 4:51:06 ET]
Table 'Caph' 6-max Seat #1 is the button
Seat 1: peterpunkkkk (€10 in chips) 
Seat 2: pipinoelbreve9 (€12.09 in chips) 
Seat 3: edraz11 (€18.84 in chips) 
Seat 4: bibimott (€9.90 in chips) 
Seat 5: ramses31 (€10.44 in chips) 
Seat 6: pipatchie728 (€12.86 in chips) 
pipinoelbreve9: posts small blind €0.05
edraz11: posts big blind €0.10
*** HOLE CARDS ***
Dealt to pipinoelbreve9 [4c 6d]
bibimott: folds 
ramses31: raises €0.20 to €0.30
pipatchie728 has timed out while disconnected
pipatchie728: folds 
peterpunkkkk: raises €0.90 to €1.20
pipinoelbreve9: folds 
edraz11: folds 
ramses31: calls €0.90
*** FLOP *** [3c 5c Kc]
ramses31: checks 
peterpunkkkk: bets €0.80
ramses31: folds 
Uncalled bet (€0.80) returned to peterpunkkkk
peterpunkkkk collected €2.42 from pot
peterpunkkkk: doesn't show hand 
*** SUMMARY ***
Total pot €2.55 | Rake €0.13 
Board [3c 5c Kc]
Seat 1: peterpunkkkk (button) collected (€2.42)
Seat 2: pipinoelbreve9 (small blind) folded before Flop
Seat 3: edraz11 (big blind) folded before Flop
Seat 4: bibimott folded before Flop (didn't bet)
Seat 5: ramses31 folded on the Flop
Seat 6: pipatchie728 folded before Flop (didn't bet)



PokerStars Zoom Hand #258206280995:  Hold'em No Limit (€0.05/€0.10) - 2025/10/21 10:51:09 CET [2025/10/21 4:51:09 ET]
Table 'Caph' 6-max Seat #1 is the button
Seat 1: pipinoelbreve9 (€12.04 in chips) 
Seat 2: Bertolin300 (€6.12 in chips) 
Seat 3: josuavion (€4.61 in chips) 
Seat 4: jayKOdee (€10.11 in chips) 
Seat 5: lagasalahaga (€10 in chips) 
Seat 6: ElPaKy22 (€10 in chips) 
Bertolin300: posts small blind €0.05
josuavion: posts big blind €0.10
*** HOLE CARDS ***
Dealt to pipinoelbreve9 [3c 9h]
jayKOdee: raises €0.20 to €0.30
lagasalahaga: folds 
ElPaKy22: folds 
pipinoelbreve9: folds 
Bertolin300: folds 
josuavion: raises €0.20 to €0.50
jayKOdee: calls €0.20
*** FLOP *** [4d 5h 8c]
josuavion: checks 
jayKOdee: bets €0.50
josuavion: calls €0.50
*** TURN *** [4d 5h 8c] [Jd]
josuavion: checks 
jayKOdee: bets €0.98
josuavion: calls €0.98
*** RIVER *** [4d 5h 8c Jd] [Kc]
josuavion: checks 
jayKOdee: checks 
*** SHOW DOWN ***
josuavion: shows [Ah Jh] (a pair of Jacks)
jayKOdee: mucks hand 
josuavion collected €3.81 from pot
*** SUMMARY ***
Total pot €4.01 | Rake €0.20 
Board [4d 5h 8c Jd Kc]
Seat 1: pipinoelbreve9 (button) folded before Flop (didn't bet)
Seat 2: Bertolin300 (small blind) folded before Flop
Seat 3: josuavion (big blind) showed [Ah Jh] and won (€3.81) with a pair of Jacks
Seat 4: jayKOdee mucked [5c 6c]
Seat 5: lagasalahaga folded before Flop (didn't bet)
Seat 6: ElPaKy22 folded before Flop (didn't bet)



PokerStars Zoom Hand #258206281342:  Hold'em No Limit (€0.05/€0.10) - 2025/10/21 10:51:13 CET [2025/10/21 4:51:13 ET]
Table 'Caph' 6-max Seat #1 is the button
Seat 1: NAlexandru22 (€6.36 in chips) 
Seat 2: JPAX777 (€10 in chips) 
Seat 3: 50_no_Jutsu (€22.11 in chips) 
Seat 4: lagasalahaga (€13.92 in chips) 
Seat 5: ElPaKy22 (€10 in chips) 
Seat 6: pipinoelbreve9 (€12.04 in chips) 
JPAX777: posts small blind €0.05
50_no_Jutsu: posts big blind €0.10
*** HOLE CARDS ***
Dealt to pipinoelbreve9 [2h Tc]
lagasalahaga: folds 
ElPaKy22: folds 
pipinoelbreve9: folds 
NAlexandru22: folds 
JPAX777: raises €0.20 to €0.30
50_no_Jutsu: calls €0.20
*** FLOP *** [5h Kd 4d]
JPAX777: checks 
50_no_Jutsu: checks 
*** TURN *** [5h Kd 4d] [Jd]
JPAX777: checks 
50_no_Jutsu: checks 
*** RIVER *** [5h Kd 4d Jd] [9s]
JPAX777: checks 
50_no_Jutsu: checks 
*** SHOW DOWN ***
JPAX777: shows [6h Ad] (high card Ace)
50_no_Jutsu: mucks hand 
JPAX777 collected €0.57 from pot
*** SUMMARY ***
Total pot €0.60 | Rake €0.03 
Board [5h Kd 4d Jd 9s]
Seat 1: NAlexandru22 (button) folded before Flop (didn't bet)
Seat 2: JPAX777 (small blind) showed [6h Ad] and won (€0.57) with high card Ace
Seat 3: 50_no_Jutsu (big blind) mucked [Qs 8s]
Seat 4: lagasalahaga folded before Flop (didn't bet)
Seat 5: ElPaKy22 folded before Flop (didn't bet)
Seat 6: pipinoelbreve9 folded before Flop (didn't bet)



PokerStars Zoom Hand #258206283525:  Hold'em No Limit (€0.05/€0.10) - 2025/10/21 10:51:43 CET [2025/10/21 4:51:43 ET]
Table 'Caph' 6-max Seat #1 is the button
Seat 1: JimyCarter90 (€21.68 in chips) 
Seat 2: sylbern25 (€17.16 in chips) 
Seat 3: pipinoelbreve9 (€11.99 in chips) 
Seat 4: ElPaKy22 (€10 in chips) 
Seat 5: ArchiBolding (€10 in chips) 
Seat 6: edraz11 (€11.10 in chips) 
sylbern25: posts small blind €0.05
pipinoelbreve9: posts big blind €0.10
*** HOLE CARDS ***
Dealt to pipinoelbreve9 [Jh 7h]
ElPaKy22: raises €0.16 to €0.26
ArchiBolding: folds 
edraz11: folds 
JimyCarter90 is disconnected 
JimyCarter90 has timed out while disconnected
JimyCarter90: folds 
sylbern25: folds 
pipinoelbreve9: calls €0.16
*** FLOP *** [6s 5c As]
pipinoelbreve9: checks 
ElPaKy22: bets €0.18
pipinoelbreve9: calls €0.18
*** TURN *** [6s 5c As] [Ks]
pipinoelbreve9: checks 
ElPaKy22: checks 
*** RIVER *** [6s 5c As Ks] [4s]
pipinoelbreve9: bets €0.29
ElPaKy22: folds 
Uncalled bet (€0.29) returned to pipinoelbreve9
pipinoelbreve9 collected €0.88 from pot
pipinoelbreve9: doesn't show hand 
*** SUMMARY ***
Total pot €0.93 | Rake €0.05 
Board [6s 5c As Ks 4s]
Seat 1: JimyCarter90 (button) folded before Flop (didn't bet)
Seat 2: sylbern25 (small blind) folded before Flop
Seat 3: pipinoelbreve9 (big blind) collected (€0.88)
Seat 4: ElPaKy22 folded on the River
Seat 5: ArchiBolding folded before Flop (didn't bet)
Seat 6: edraz11 folded before Flop (didn't bet)



PokerStars Zoom Hand #258206288339:  Hold'em No Limit (€0.05/€0.10) - 2025/10/21 10:52:47 CET [2025/10/21 4:52:47 ET]
Table 'Caph' 6-max Seat #1 is the button
Seat 1: pipinoelbreve9 (€12.43 in chips) 
Seat 2: margog55 (€6.49 in chips) 
Seat 3: bibimott (€10.29 in chips) 
Seat 4: ElPaKy22 (€10.28 in chips) 
Seat 5: Gabbianu (€7.20 in chips) 
Seat 6: peterpunkkkk (€10.15 in chips) 
margog55: posts small blind €0.05
bibimott: posts big blind €0.10
*** HOLE CARDS ***
Dealt to pipinoelbreve9 [5s 9h]
ElPaKy22: folds 
Gabbianu: folds 
peterpunkkkk: raises €0.15 to €0.25
pipinoelbreve9: folds 
margog55: folds 
bibimott: folds 
Uncalled bet (€0.15) returned to peterpunkkkk
peterpunkkkk collected €0.25 from pot
peterpunkkkk: doesn't show hand 
*** SUMMARY ***
Total pot €0.25 | Rake €0 
Seat 1: pipinoelbreve9 (button) folded before Flop (didn't bet)
Seat 2: margog55 (small blind) folded before Flop
Seat 3: bibimott (big blind) folded before Flop
Seat 4: ElPaKy22 folded before Flop (didn't bet)
Seat 5: Gabbianu folded before Flop (didn't bet)
Seat 6: peterpunkkkk collected (€0.25)



PokerStars Zoom Hand #258206288625:  Hold'em No Limit (€0.05/€0.10) - 2025/10/21 10:52:50 CET [2025/10/21 4:52:50 ET]
Table 'Caph' 6-max Seat #1 is the button
Seat 1: Gabbianu (€7.20 in chips) 
Seat 2: Manu053 (€2.55 in chips) 
Seat 3: cAllAnnie2 (€16.09 in chips) 
Seat 4: pipinoelbreve9 (€12.43 in chips) 
Seat 5: 50_no_Jutsu (€21.91 in chips) 
Seat 6: ElPaKy22 (€10.28 in chips) 
Manu053: posts small blind €0.05
cAllAnnie2: posts big blind €0.10
*** HOLE CARDS ***
Dealt to pipinoelbreve9 [7d Qc]
pipinoelbreve9: folds 
50_no_Jutsu: folds 
ElPaKy22: folds 
Gabbianu: raises €0.10 to €0.20
Manu053: folds 
cAllAnnie2: folds 
Uncalled bet (€0.10) returned to Gabbianu
Gabbianu collected €0.25 from pot
Gabbianu: doesn't show hand 
*** SUMMARY ***
Total pot €0.25 | Rake €0 
Seat 1: Gabbianu (button) collected (€0.25)
Seat 2: Manu053 (small blind) folded before Flop
Seat 3: cAllAnnie2 (big blind) folded before Flop
Seat 4: pipinoelbreve9 folded before Flop (didn't bet)
Seat 5: 50_no_Jutsu folded before Flop (didn't bet)
Seat 6: ElPaKy22 folded before Flop (didn't bet)



PokerStars Zoom Hand #258206289149:  Hold'em No Limit (€0.05/€0.10) - 2025/10/21 10:52:57 CET [2025/10/21 4:52:57 ET]
Table 'Caph' 6-max Seat #1 is the button
Seat 1: keyzerzoze (€4.11 in chips) 
Seat 2: madacoco (€10 in chips) 
Seat 3: cAllAnnie2 (€10.99 in chips) 
Seat 4: ArchiBolding (€10.30 in chips) 
Seat 5: ElPaKy22 (€10.28 in chips) 
Seat 6: pipinoelbreve9 (€12.43 in chips) 
madacoco: posts small blind €0.05
cAllAnnie2: posts big blind €0.10
*** HOLE CARDS ***
Dealt to pipinoelbreve9 [Kd Jh]
ArchiBolding: folds 
ElPaKy22: folds 
pipinoelbreve9: raises €0.20 to €0.30
keyzerzoze: folds 
madacoco: folds 
cAllAnnie2: folds 
Uncalled bet (€0.20) returned to pipinoelbreve9
pipinoelbreve9 collected €0.25 from pot
pipinoelbreve9: doesn't show hand 
*** SUMMARY ***
Total pot €0.25 | Rake €0 
Seat 1: keyzerzoze (button) folded before Flop (didn't bet)
Seat 2: madacoco (small blind) folded before Flop
Seat 3: cAllAnnie2 (big blind) folded before Flop
Seat 4: ArchiBolding folded before Flop (didn't bet)
Seat 5: ElPaKy22 folded before Flop (didn't bet)
Seat 6: pipinoelbreve9 collected (€0.25)



PokerStars Zoom Hand #258206290331:  Hold'em No Limit (€0.05/€0.10) - 2025/10/21 10:53:13 CET [2025/10/21 4:53:13 ET]
Table 'Caph' 6-max Seat #1 is the button
Seat 1: NAlexandru22 (€6.01 in chips) 
Seat 2: cAllAnnie2 (€15.99 in chips) 
Seat 3: pipinoelbreve9 (€12.58 in chips) 
Seat 4: bibimott (€12.84 in chips) 
Seat 5: Ikeeraldaii (€14.86 in chips) 
Seat 6: LeDom66 (€14.67 in chips) 
cAllAnnie2: posts small blind €0.05
pipinoelbreve9: posts big blind €0.10
*** HOLE CARDS ***
Dealt to pipinoelbreve9 [7h 3s]
bibimott: folds 
Ikeeraldaii: folds 
LeDom66: raises €0.15 to €0.25
NAlexandru22: folds 
cAllAnnie2: folds 
pipinoelbreve9: folds 
Uncalled bet (€0.15) returned to LeDom66
LeDom66 collected €0.25 from pot
LeDom66: doesn't show hand 
*** SUMMARY ***
Total pot €0.25 | Rake €0 
Seat 1: NAlexandru22 (button) folded before Flop (didn't bet)
Seat 2: cAllAnnie2 (small blind) folded before Flop
Seat 3: pipinoelbreve9 (big blind) folded before Flop
Seat 4: bibimott folded before Flop (didn't bet)
Seat 5: Ikeeraldaii folded before Flop (didn't bet)
Seat 6: LeDom66 collected (€0.25)



PokerStars Zoom Hand #258206288854:  Hold'em No Limit (€0.05/€0.10) - 2025/10/21 10:52:53 CET [2025/10/21 4:52:53 ET]
Table 'Caph' 6-max Seat #1 is the button
Seat 1: 50_no_Jutsu (€15.19 in chips) 
Seat 2: lagasalahaga (€10.75 in chips) 
Seat 3: ElPaKy22 (€15.28 in chips) 
Seat 4: Macku320 (€12.17 in chips) 
Seat 5: pipinoelbreve9 (€12.43 in chips) 
Seat 6: Ruben_osm (€11.73 in chips) 
lagasalahaga: posts small blind €0.05
ElPaKy22: posts big blind €0.10
*** HOLE CARDS ***
Dealt to pipinoelbreve9 [6h 3h]
Macku320: folds 
pipinoelbreve9: folds 
Ruben_osm: raises €0.11 to €0.21
50_no_Jutsu: folds 
lagasalahaga: folds 
ElPaKy22: raises €0.69 to €0.90
Ruben_osm: calls €0.69
*** FLOP *** [7s 3d 8d]
ElPaKy22: checks 
Ruben_osm: checks 
*** TURN *** [7s 3d 8d] [9h]
ElPaKy22: checks 
Ruben_osm: bets €0.60
ElPaKy22: calls €0.60
*** RIVER *** [7s 3d 8d 9h] [2c]
ElPaKy22: checks 
Ruben_osm: checks 
*** SHOW DOWN ***
ElPaKy22: shows [Qd Ah] (high card Ace)
Ruben_osm: shows [Js 8s] (a pair of Eights)
Ruben_osm collected €2.90 from pot
*** SUMMARY ***
Total pot €3.05 | Rake €0.15 
Board [7s 3d 8d 9h 2c]
Seat 1: 50_no_Jutsu (button) folded before Flop (didn't bet)
Seat 2: lagasalahaga (small blind) folded before Flop
Seat 3: ElPaKy22 (big blind) showed [Qd Ah] and lost with high card Ace
Seat 4: Macku320 folded before Flop (didn't bet)
Seat 5: pipinoelbreve9 folded before Flop (didn't bet)
Seat 6: Ruben_osm showed [Js 8s] and won (€2.90) with a pair of Eights



PokerStars Zoom Hand #258206290968:  Hold'em No Limit (€0.05/€0.10) - 2025/10/21 10:53:21 CET [2025/10/21 4:53:21 ET]
Table 'Caph' 6-max Seat #1 is the button
Seat 1: Manu053 (€4.84 in chips) 
Seat 2: pipinoelbreve9 (€12.48 in chips) 
Seat 3: peterpunkkkk (€10.30 in chips) 
Seat 4: Bertolin300 (€6.89 in chips) 
Seat 5: jayKOdee (€10.84 in chips) 
Seat 6: 2Jm2 (€20.28 in chips) 
pipinoelbreve9: posts small blind €0.05
peterpunkkkk: posts big blind €0.10
*** HOLE CARDS ***
Dealt to pipinoelbreve9 [2d Qc]
Bertolin300: folds 
jayKOdee: raises €0.20 to €0.30
2Jm2: folds 
Manu053: folds 
pipinoelbreve9: folds 
peterpunkkkk: folds 
Uncalled bet (€0.20) returned to jayKOdee
jayKOdee collected €0.25 from pot
jayKOdee: doesn't show hand 
*** SUMMARY ***
Total pot €0.25 | Rake €0 
Seat 1: Manu053 (button) folded before Flop (didn't bet)
Seat 2: pipinoelbreve9 (small blind) folded before Flop
Seat 3: peterpunkkkk (big blind) folded before Flop
Seat 4: Bertolin300 folded before Flop (didn't bet)
Seat 5: jayKOdee collected (€0.25)
Seat 6: 2Jm2 folded before Flop (didn't bet)



PokerStars Zoom Hand #258206291193:  Hold'em No Limit (€0.05/€0.10) - 2025/10/21 10:53:24 CET [2025/10/21 4:53:24 ET]
Table 'Caph' 6-max Seat #1 is the button
Seat 1: pipinoelbreve9 (€12.43 in chips) 
Seat 2: lagasalahaga (€13.60 in chips) 
Seat 3: JPAX777 (€11.55 in chips) 
Seat 4: NAlexandru22 (€6.01 in chips) 
Seat 5: ElPaKy22 (€10 in chips) 
Seat 6: Macku320 (€10.97 in chips) 
lagasalahaga: posts small blind €0.05
JPAX777: posts big blind €0.10
*** HOLE CARDS ***
Dealt to pipinoelbreve9 [Ts Qs]
NAlexandru22: folds 
ElPaKy22: raises €0.16 to €0.26
Macku320: folds 
pipinoelbreve9: calls €0.26
lagasalahaga: folds 
JPAX777: folds 
*** FLOP *** [Kc Ks Th]
ElPaKy22: checks 
pipinoelbreve9: checks 
*** TURN *** [Kc Ks Th] [Jc]
ElPaKy22: checks 
pipinoelbreve9: bets €0.42
ElPaKy22: folds 
Uncalled bet (€0.42) returned to pipinoelbreve9
pipinoelbreve9 collected €0.64 from pot
pipinoelbreve9: doesn't show hand 
*** SUMMARY ***
Total pot €0.67 | Rake €0.03 
Board [Kc Ks Th Jc]
Seat 1: pipinoelbreve9 (button) collected (€0.64)
Seat 2: lagasalahaga (small blind) folded before Flop
Seat 3: JPAX777 (big blind) folded before Flop
Seat 4: NAlexandru22 folded before Flop (didn't bet)
Seat 5: ElPaKy22 folded on the Turn
Seat 6: Macku320 folded before Flop (didn't bet)



PokerStars Zoom Hand #258206293653:  Hold'em No Limit (€0.05/€0.10) - 2025/10/21 10:53:57 CET [2025/10/21 4:53:57 ET]
Table 'Caph' 6-max Seat #1 is the button
Seat 1: Ikeeraldaii (€11.51 in chips) 
Seat 2: bibimott (€9.78 in chips) 
Seat 3: dd10230 (€7.32 in chips) 
Seat 4: duarte253 (€18.51 in chips) 
Seat 5: Macku320 (€10 in chips) 
Seat 6: pipinoelbreve9 (€12.81 in chips) 
bibimott: posts small blind €0.05
dd10230: posts big blind €0.10
*** HOLE CARDS ***
Dealt to pipinoelbreve9 [6d Ad]
duarte253: calls €0.10
Macku320: folds 
pipinoelbreve9: raises €0.40 to €0.50
Ikeeraldaii: folds 
bibimott: folds 
dd10230: folds 
duarte253: calls €0.40
*** FLOP *** [Qs 3h 3c]
duarte253: checks 
pipinoelbreve9: checks 
*** TURN *** [Qs 3h 3c] [Ac]
duarte253: checks 
pipinoelbreve9: bets €0.36
duarte253: folds 
Uncalled bet (€0.36) returned to pipinoelbreve9
pipinoelbreve9 collected €1.09 from pot
pipinoelbreve9: doesn't show hand 
*** SUMMARY ***
Total pot €1.15 | Rake €0.06 
Board [Qs 3h 3c Ac]
Seat 1: Ikeeraldaii (button) folded before Flop (didn't bet)
Seat 2: bibimott (small blind) folded before Flop
Seat 3: dd10230 (big blind) folded before Flop
Seat 4: duarte253 folded on the Turn
Seat 5: Macku320 folded before Flop (didn't bet)
Seat 6: pipinoelbreve9 collected (€1.09)



PokerStars Zoom Hand #258206296952:  Hold'em No Limit (€0.05/€0.10) - 2025/10/21 10:54:39 CET [2025/10/21 4:54:39 ET]
Table 'Caph' 6-max Seat #1 is the button
Seat 1: MagicVodka08 (€14.27 in chips) 
Seat 2: pipinoelbreve9 (€13.40 in chips) 
Seat 3: freddygvegas (€11.25 in chips) 
Seat 4: cAllAnnie2 (€15.69 in chips) 
Seat 5: Bertolin300 (€6.42 in chips) 
Seat 6: lagasalahaga (€17.11 in chips) 
pipinoelbreve9: posts small blind €0.05
freddygvegas: posts big blind €0.10
*** HOLE CARDS ***
Dealt to pipinoelbreve9 [5h Qd]
cAllAnnie2: folds 
Bertolin300: folds 
lagasalahaga: folds 
MagicVodka08: raises €0.15 to €0.25
pipinoelbreve9: folds 
freddygvegas: folds 
Uncalled bet (€0.15) returned to MagicVodka08
MagicVodka08 collected €0.25 from pot
MagicVodka08: doesn't show hand 
*** SUMMARY ***
Total pot €0.25 | Rake €0 
Seat 1: MagicVodka08 (button) collected (€0.25)
Seat 2: pipinoelbreve9 (small blind) folded before Flop
Seat 3: freddygvegas (big blind) folded before Flop
Seat 4: cAllAnnie2 folded before Flop (didn't bet)
Seat 5: Bertolin300 folded before Flop (didn't bet)
Seat 6: lagasalahaga folded before Flop (didn't bet)



PokerStars Zoom Hand #258206297409:  Hold'em No Limit (€0.05/€0.10) - 2025/10/21 10:54:46 CET [2025/10/21 4:54:46 ET]
Table 'Caph' 6-max Seat #1 is the button
Seat 1: 50_no_Jutsu (€22.25 in chips) 
Seat 2: Macku320 (€10 in chips) 
Seat 3: peterpunkkkk (€10 in chips) 
Seat 4: Bertolin300 (€6.42 in chips) 
Seat 5: pipinoelbreve9 (€13.35 in chips) 
Seat 6: lagasalahaga (€10 in chips) 
Macku320: posts small blind €0.05
peterpunkkkk: posts big blind €0.10
*** HOLE CARDS ***
Dealt to pipinoelbreve9 [3c Kd]
Bertolin300: folds 
pipinoelbreve9: folds 
lagasalahaga: folds 
50_no_Jutsu: raises €0.15 to €0.25
Macku320: folds 
peterpunkkkk: folds 
Uncalled bet (€0.15) returned to 50_no_Jutsu
50_no_Jutsu collected €0.25 from pot
50_no_Jutsu: doesn't show hand 
*** SUMMARY ***
Total pot €0.25 | Rake €0 
Seat 1: 50_no_Jutsu (button) collected (€0.25)
Seat 2: Macku320 (small blind) folded before Flop
Seat 3: peterpunkkkk (big blind) folded before Flop
Seat 4: Bertolin300 folded before Flop (didn't bet)
Seat 5: pipinoelbreve9 folded before Flop (didn't bet)
Seat 6: lagasalahaga folded before Flop (didn't bet)



PokerStars Zoom Hand #258206297200:  Hold'em No Limit (€0.05/€0.10) - 2025/10/21 10:54:43 CET [2025/10/21 4:54:43 ET]
Table 'Caph' 6-max Seat #1 is the button
Seat 1: FLOW4422646 (€1.22 in chips) 
Seat 2: edraz11 (€19.47 in chips) 
Seat 3: JPAX777 (€11.15 in chips) 
Seat 4: pipinoelbreve9 (€13.35 in chips) 
Seat 5: Macku320 (€10 in chips) 
Seat 6: Ikeeraldaii (€11.11 in chips) 
edraz11: posts small blind €0.05
JPAX777: posts big blind €0.10
*** HOLE CARDS ***
Dealt to pipinoelbreve9 [4d Th]
pipinoelbreve9: folds 
Macku320: folds 
Ikeeraldaii: folds 
FLOW4422646: folds 
edraz11: raises €0.20 to €0.30
JPAX777: folds 
Uncalled bet (€0.20) returned to edraz11
edraz11 collected €0.20 from pot
edraz11: doesn't show hand 
*** SUMMARY ***
Total pot €0.20 | Rake €0 
Seat 1: FLOW4422646 (button) folded before Flop (didn't bet)
Seat 2: edraz11 (small blind) collected (€0.20)
Seat 3: JPAX777 (big blind) folded before Flop
Seat 4: pipinoelbreve9 folded before Flop (didn't bet)
Seat 5: Macku320 folded before Flop (didn't bet)
Seat 6: Ikeeraldaii folded before Flop (didn't bet)



PokerStars Zoom Hand #258206298742:  Hold'em No Limit (€0.05/€0.10) - 2025/10/21 10:55:04 CET [2025/10/21 4:55:04 ET]
Table 'Caph' 6-max Seat #1 is the button
Seat 1: pipinoelbreve9 (€13.25 in chips) 
Seat 2: LeDom66 (€13.47 in chips) 
Seat 3: Bertolin300 (€6.32 in chips) 
Seat 4: Aleksifr (€12.10 in chips) 
Seat 5: JPAX777 (€10 in chips) 
Seat 6: Ikeeraldaii (€14.88 in chips) 
LeDom66: posts small blind €0.05
Bertolin300: posts big blind €0.10
*** HOLE CARDS ***
Dealt to pipinoelbreve9 [Qd 8d]
Aleksifr: folds 
JPAX777: folds 
Ikeeraldaii: folds 
pipinoelbreve9: raises €0.20 to €0.30
LeDom66: folds 
Bertolin300: folds 
Uncalled bet (€0.20) returned to pipinoelbreve9
pipinoelbreve9 collected €0.25 from pot
pipinoelbreve9: doesn't show hand 
*** SUMMARY ***
Total pot €0.25 | Rake €0 
Seat 1: pipinoelbreve9 (button) collected (€0.25)
Seat 2: LeDom66 (small blind) folded before Flop
Seat 3: Bertolin300 (big blind) folded before Flop
Seat 4: Aleksifr folded before Flop (didn't bet)
Seat 5: JPAX777 folded before Flop (didn't bet)
Seat 6: Ikeeraldaii folded before Flop (didn't bet)



PokerStars Zoom Hand #258206297631:  Hold'em No Limit (€0.05/€0.10) - 2025/10/21 10:54:49 CET [2025/10/21 4:54:49 ET]
Table 'Caph' 6-max Seat #1 is the button
Seat 1: Macku320 (€11.17 in chips) 
Seat 2: Ikeeraldaii (€11.11 in chips) 
Seat 3: pipinoelbreve9 (€13.35 in chips) 
Seat 4: Bertolin300 (€6.42 in chips) 
Seat 5: JimyCarter90 (€4.45 in chips) 
Seat 6: FLOW4422646 (€1.22 in chips) 
Ikeeraldaii: posts small blind €0.05
pipinoelbreve9: posts big blind €0.10
*** HOLE CARDS ***
Dealt to pipinoelbreve9 [7d 9s]
Bertolin300: calls €0.10
JimyCarter90: calls €0.10
FLOW4422646: raises €1.12 to €1.22 and is all-in
Macku320: folds 
Ikeeraldaii: folds 
pipinoelbreve9: folds 
Bertolin300: folds 
JimyCarter90: calls €1.12
*** FLOP *** [3d 6c Qd]
*** TURN *** [3d 6c Qd] [Ts]
*** RIVER *** [3d 6c Qd Ts] [Kh]
*** SHOW DOWN ***
JimyCarter90: shows [4d 8d] (high card King)
FLOW4422646: shows [2c 2s] (a pair of Deuces)
FLOW4422646 collected €2.56 from pot
*** SUMMARY ***
Total pot €2.69 | Rake €0.13 
Board [3d 6c Qd Ts Kh]
Seat 1: Macku320 (button) folded before Flop (didn't bet)
Seat 2: Ikeeraldaii (small blind) folded before Flop
Seat 3: pipinoelbreve9 (big blind) folded before Flop
Seat 4: Bertolin300 folded before Flop
Seat 5: JimyCarter90 showed [4d 8d] and lost with high card King
Seat 6: FLOW4422646 showed [2c 2s] and won (€2.56) with a pair of Deuces



PokerStars Zoom Hand #258206299503:  Hold'em No Limit (€0.05/€0.10) - 2025/10/21 10:55:16 CET [2025/10/21 4:55:16 ET]
Table 'Caph' 6-max Seat #1 is the button
Seat 1: ramses31 (€10.59 in chips) 
Seat 2: pipinoelbreve9 (€13.40 in chips) 
Seat 3: lagasalahaga (€10 in chips) 
Seat 4: JPAX777 (€10 in chips) 
Seat 5: freddygvegas (€10 in chips) 
Seat 6: LeDom66 (€13.42 in chips) 
pipinoelbreve9: posts small blind €0.05
lagasalahaga: posts big blind €0.10
*** HOLE CARDS ***
Dealt to pipinoelbreve9 [9d Kc]
JPAX777: folds 
freddygvegas: raises €0.25 to €0.35
LeDom66: folds 
ramses31: folds 
pipinoelbreve9: folds 
lagasalahaga: folds 
Uncalled bet (€0.25) returned to freddygvegas
freddygvegas collected €0.25 from pot
freddygvegas: doesn't show hand 
*** SUMMARY ***
Total pot €0.25 | Rake €0 
Seat 1: ramses31 (button) folded before Flop (didn't bet)
Seat 2: pipinoelbreve9 (small blind) folded before Flop
Seat 3: lagasalahaga (big blind) folded before Flop
Seat 4: JPAX777 folded before Flop (didn't bet)
Seat 5: freddygvegas collected (€0.25)
Seat 6: LeDom66 folded before Flop (didn't bet)



PokerStars Zoom Hand #258206296630:  Hold'em No Limit (€0.05/€0.10) - 2025/10/21 10:54:35 CET [2025/10/21 4:54:35 ET]
Table 'Caph' 6-max Seat #1 is the button
Seat 1: hosni89 (€5.31 in chips) 
Seat 2: freddygvegas (€11.30 in chips) 
Seat 3: madacoco (€11 in chips) 
Seat 4: peterpunkkkk (€10.61 in chips) 
Seat 5: pipinoelbreve9 (€13.40 in chips) 
Seat 6: Macku320 (€14.35 in chips) 
freddygvegas: posts small blind €0.05
madacoco: posts big blind €0.10
*** HOLE CARDS ***
Dealt to pipinoelbreve9 [6s Jd]
peterpunkkkk: raises €0.15 to €0.25
pipinoelbreve9: folds 
Macku320: folds 
hosni89: calls €0.25
freddygvegas: folds 
madacoco: calls €0.15
*** FLOP *** [9s Kc 6h]
madacoco: checks 
peterpunkkkk: checks 
hosni89: bets €0.10
madacoco: calls €0.10
peterpunkkkk: calls €0.10
*** TURN *** [9s Kc 6h] [6c]
madacoco: checks 
peterpunkkkk: checks 
hosni89: bets €0.30
madacoco: folds 
peterpunkkkk: folds 
Uncalled bet (€0.30) returned to hosni89
hosni89 collected €1.04 from pot
hosni89: doesn't show hand 
*** SUMMARY ***
Total pot €1.10 | Rake €0.06 
Board [9s Kc 6h 6c]
Seat 1: hosni89 (button) collected (€1.04)
Seat 2: freddygvegas (small blind) folded before Flop
Seat 3: madacoco (big blind) folded on the Turn
Seat 4: peterpunkkkk folded on the Turn
Seat 5: pipinoelbreve9 folded before Flop (didn't bet)
Seat 6: Macku320 folded before Flop (didn't bet)



PokerStars Zoom Hand #258206300033:  Hold'em No Limit (€0.05/€0.10) - 2025/10/21 10:55:25 CET [2025/10/21 4:55:25 ET]
Table 'Caph' 6-max Seat #1 is the button
Seat 1: cAllAnnie2 (€15.54 in chips) 
Seat 2: ArchiBolding (€10.10 in chips) 
Seat 3: Bavaria866 (€10 in chips) 
Seat 4: lagasalahaga (€10 in chips) 
Seat 5: 50_no_Jutsu (€16.18 in chips) 
Seat 6: pipinoelbreve9 (€13.35 in chips) 
ArchiBolding: posts small blind €0.05
Bavaria866: posts big blind €0.10
*** HOLE CARDS ***
Dealt to pipinoelbreve9 [2s 9d]
lagasalahaga: folds 
50_no_Jutsu: folds 
pipinoelbreve9: folds 
cAllAnnie2: folds 
ArchiBolding: folds 
Uncalled bet (€0.05) returned to Bavaria866
Bavaria866 collected €0.10 from pot
Bavaria866: doesn't show hand 
*** SUMMARY ***
Total pot €0.10 | Rake €0 
Seat 1: cAllAnnie2 (button) folded before Flop (didn't bet)
Seat 2: ArchiBolding (small blind) folded before Flop
Seat 3: Bavaria866 (big blind) collected (€0.10)
Seat 4: lagasalahaga folded before Flop (didn't bet)
Seat 5: 50_no_Jutsu folded before Flop (didn't bet)
Seat 6: pipinoelbreve9 folded before Flop (didn't bet)



PokerStars Zoom Hand #258206300702:  Hold'em No Limit (€0.05/€0.10) - 2025/10/21 10:55:35 CET [2025/10/21 4:55:35 ET]
Table 'Caph' 6-max Seat #1 is the button
Seat 1: lagasalahaga (€17.11 in chips) 
Seat 2: jayKOdee (€13.19 in chips) 
Seat 3: Macku320 (€11.25 in chips) 
Seat 4: pipinoelbreve9 (€13.25 in chips) 
Seat 5: freddygvegas (€10.15 in chips) 
Seat 6: Lomsan (€5.93 in chips) 
jayKOdee: posts small blind €0.05
Macku320: posts big blind €0.10
*** HOLE CARDS ***
Dealt to pipinoelbreve9 [Jc 6c]
pipinoelbreve9: folds 
freddygvegas: folds 
Lomsan: folds 
lagasalahaga: folds 
jayKOdee: folds 
Uncalled bet (€0.05) returned to Macku320
Macku320 collected €0.10 from pot
Macku320: doesn't show hand 
*** SUMMARY ***
Total pot €0.10 | Rake €0 
Seat 1: lagasalahaga (button) folded before Flop (didn't bet)
Seat 2: jayKOdee (small blind) folded before Flop
Seat 3: Macku320 (big blind) collected (€0.10)
Seat 4: pipinoelbreve9 folded before Flop (didn't bet)
Seat 5: freddygvegas folded before Flop (didn't bet)
Seat 6: Lomsan folded before Flop (didn't bet)



PokerStars Zoom Hand #258206301270:  Hold'em No Limit (€0.05/€0.10) - 2025/10/21 10:55:44 CET [2025/10/21 4:55:44 ET]
Table 'Caph' 6-max Seat #1 is the button
Seat 1: Ruben_osm (€13.50 in chips) 
Seat 2: pipinoelbreve9 (€13.25 in chips) 
Seat 3: 2Jm2 (€11.46 in chips) 
Seat 4: Gabbianu (€6.55 in chips) 
Seat 5: lagasalahaga (€17.11 in chips) 
Seat 6: Bertolin300 (€6.12 in chips) 
pipinoelbreve9: posts small blind €0.05
2Jm2: posts big blind €0.10
*** HOLE CARDS ***
Dealt to pipinoelbreve9 [6d 6s]
Gabbianu: folds 
lagasalahaga: folds 
Bertolin300: folds 
Ruben_osm: folds 
pipinoelbreve9: raises €0.20 to €0.30
2Jm2: folds 
Uncalled bet (€0.20) returned to pipinoelbreve9
pipinoelbreve9 collected €0.20 from pot
pipinoelbreve9: doesn't show hand 
*** SUMMARY ***
Total pot €0.20 | Rake €0 
Seat 1: Ruben_osm (button) folded before Flop (didn't bet)
Seat 2: pipinoelbreve9 (small blind) collected (€0.20)
Seat 3: 2Jm2 (big blind) folded before Flop
Seat 4: Gabbianu folded before Flop (didn't bet)
Seat 5: lagasalahaga folded before Flop (didn't bet)
Seat 6: Bertolin300 folded before Flop (didn't bet)



PokerStars Zoom Hand #258206300281:  Hold'em No Limit (€0.05/€0.10) - 2025/10/21 10:55:29 CET [2025/10/21 4:55:29 ET]
Table 'Caph' 6-max Seat #1 is the button
Seat 1: Piri ALL-IN (€11.20 in chips) 
Seat 2: JimyCarter90 (€3.23 in chips) 
Seat 3: cAllAnnie2 (€15.54 in chips) 
Seat 4: Lomsan (€8.30 in chips) 
Seat 5: pipinoelbreve9 (€13.35 in chips) 
Seat 6: margog55 (€6.44 in chips) 
JimyCarter90: posts small blind €0.05
cAllAnnie2: posts big blind €0.10
*** HOLE CARDS ***
Dealt to pipinoelbreve9 [7s 3h]
Lomsan: raises €0.10 to €0.20
pipinoelbreve9: folds 
margog55: calls €0.20
Piri ALL-IN: folds 
JimyCarter90: raises €0.70 to €0.90
cAllAnnie2: folds 
Lomsan: calls €0.70
margog55: folds 
*** FLOP *** [Th Jc 2c]
JimyCarter90: bets €2.33 and is all-in
Lomsan: calls €2.33
*** TURN *** [Th Jc 2c] [Js]
*** RIVER *** [Th Jc 2c Js] [Qs]
*** SHOW DOWN ***
JimyCarter90: shows [Qd 9c] (two pair, Queens and Jacks)
Lomsan: shows [Qc Ac] (two pair, Queens and Jacks - Ace kicker)
Lomsan collected €6.42 from pot
*** SUMMARY ***
Total pot €6.76 | Rake €0.34 
Board [Th Jc 2c Js Qs]
Seat 1: Piri ALL-IN (button) folded before Flop (didn't bet)
Seat 2: JimyCarter90 (small blind) showed [Qd 9c] and lost with two pair, Queens and Jacks
Seat 3: cAllAnnie2 (big blind) folded before Flop
Seat 4: Lomsan showed [Qc Ac] and won (€6.42) with two pair, Queens and Jacks
Seat 5: pipinoelbreve9 folded before Flop (didn't bet)
Seat 6: margog55 folded before Flop



PokerStars Zoom Hand #258206300444:  Hold'em No Limit (€0.05/€0.10) - 2025/10/21 10:55:31 CET [2025/10/21 4:55:31 ET]
Table 'Caph' 6-max Seat #1 is the button
Seat 1: denociña (€10 in chips) 
Seat 2: bibimott (€9.94 in chips) 
Seat 3: pipinoelbreve9 (€13.35 in chips) 
Seat 4: 50_no_Jutsu (€22.40 in chips) 
Seat 5: Manu053 (€3.18 in chips) 
Seat 6: freddygvegas (€10.15 in chips) 
bibimott: posts small blind €0.05
pipinoelbreve9: posts big blind €0.10
*** HOLE CARDS ***
Dealt to pipinoelbreve9 [5c Td]
50_no_Jutsu: raises €0.12 to €0.22
Manu053: calls €0.22
freddygvegas: folds 
denociña: folds 
bibimott: calls €0.17
pipinoelbreve9: folds 
*** FLOP *** [8s 2c 9s]
bibimott: checks 
50_no_Jutsu: bets €0.24
Manu053: calls €0.24
bibimott: folds 
*** TURN *** [8s 2c 9s] [7c]
50_no_Jutsu: bets €0.96
Manu053: folds 
Uncalled bet (€0.96) returned to 50_no_Jutsu
50_no_Jutsu collected €1.18 from pot
50_no_Jutsu: doesn't show hand 
*** SUMMARY ***
Total pot €1.24 | Rake €0.06 
Board [8s 2c 9s 7c]
Seat 1: denociña (button) folded before Flop (didn't bet)
Seat 2: bibimott (small blind) folded on the Flop
Seat 3: pipinoelbreve9 (big blind) folded before Flop
Seat 4: 50_no_Jutsu collected (€1.18)
Seat 5: Manu053 folded on the Turn
Seat 6: freddygvegas folded before Flop (didn't bet)



PokerStars Zoom Hand #258206301045:  Hold'em No Limit (€0.05/€0.10) - 2025/10/21 10:55:40 CET [2025/10/21 4:55:40 ET]
Table 'Caph' 6-max Seat #1 is the button
Seat 1: pipinoelbreve9 (€13.25 in chips) 
Seat 2: Macku320 (€13.90 in chips) 
Seat 3: freddygvegas (€10.15 in chips) 
Seat 4: Gabbianu (€6.55 in chips) 
Seat 5: jayKOdee (€17.38 in chips) 
Seat 6: Bavaria866 (€10.05 in chips) 
Macku320: posts small blind €0.05
freddygvegas: posts big blind €0.10
*** HOLE CARDS ***
Dealt to pipinoelbreve9 [3h 5h]
Gabbianu: folds 
jayKOdee: folds 
Bavaria866: folds 
pipinoelbreve9: folds 
Macku320: raises €0.20 to €0.30
freddygvegas: calls €0.20
*** FLOP *** [As Qs 2s]
Macku320: checks 
freddygvegas: checks 
*** TURN *** [As Qs 2s] [3c]
Macku320: checks 
freddygvegas: checks 
*** RIVER *** [As Qs 2s 3c] [8s]
Macku320: checks 
freddygvegas: bets €0.19
Macku320: folds 
Uncalled bet (€0.19) returned to freddygvegas
freddygvegas collected €0.57 from pot
freddygvegas: doesn't show hand 
*** SUMMARY ***
Total pot €0.60 | Rake €0.03 
Board [As Qs 2s 3c 8s]
Seat 1: pipinoelbreve9 (button) folded before Flop (didn't bet)
Seat 2: Macku320 (small blind) folded on the River
Seat 3: freddygvegas (big blind) collected (€0.57)
Seat 4: Gabbianu folded before Flop (didn't bet)
Seat 5: jayKOdee folded before Flop (didn't bet)
Seat 6: Bavaria866 folded before Flop (didn't bet)



PokerStars Zoom Hand #258206302184:  Hold'em No Limit (€0.05/€0.10) - 2025/10/21 10:55:58 CET [2025/10/21 4:55:58 ET]
Table 'Caph' 6-max Seat #1 is the button
Seat 1: Ikeeraldaii (€11.06 in chips) 
Seat 2: Ruben_osm (€13.50 in chips) 
Seat 3: ArchiBolding (€10.05 in chips) 
Seat 4: Macku320 (€10.97 in chips) 
Seat 5: Lomsan (€6.08 in chips) 
Seat 6: pipinoelbreve9 (€13.35 in chips) 
Ruben_osm: posts small blind €0.05
ArchiBolding: posts big blind €0.10
*** HOLE CARDS ***
Dealt to pipinoelbreve9 [9h Kd]
Macku320: folds 
Lomsan: folds 
pipinoelbreve9: raises €0.20 to €0.30
Ikeeraldaii: folds 
Ruben_osm: calls €0.25
ArchiBolding: folds 
*** FLOP *** [Th Kh 3s]
Ruben_osm: checks 
pipinoelbreve9: bets €0.22
Ruben_osm: calls €0.22
*** TURN *** [Th Kh 3s] [Ks]
Ruben_osm: checks 
pipinoelbreve9: checks 
*** RIVER *** [Th Kh 3s Ks] [7c]
Ruben_osm: bets €1.08
pipinoelbreve9: calls €1.08
*** SHOW DOWN ***
Ruben_osm: shows [Jh Jc] (two pair, Kings and Jacks)
pipinoelbreve9: shows [9h Kd] (three of a kind, Kings)
pipinoelbreve9 collected €3.14 from pot
*** SUMMARY ***
Total pot €3.30 | Rake €0.16 
Board [Th Kh 3s Ks 7c]
Seat 1: Ikeeraldaii (button) folded before Flop (didn't bet)
Seat 2: Ruben_osm (small blind) showed [Jh Jc] and lost with two pair, Kings and Jacks
Seat 3: ArchiBolding (big blind) folded before Flop
Seat 4: Macku320 folded before Flop (didn't bet)
Seat 5: Lomsan folded before Flop (didn't bet)
Seat 6: pipinoelbreve9 showed [9h Kd] and won (€3.14) with three of a kind, Kings



PokerStars Zoom Hand #258206305263:  Hold'em No Limit (€0.05/€0.10) - 2025/10/21 10:56:49 CET [2025/10/21 4:56:49 ET]
Table 'Caph' 6-max Seat #1 is the button
Seat 1: Macku320 (€10.15 in chips) 
Seat 2: ramses31 (€10.29 in chips) 
Seat 3: lagasalahaga (€11.23 in chips) 
Seat 4: STEAKssss (€10 in chips) 
Seat 5: pipinoelbreve9 (€14.89 in chips) 
Seat 6: Bavaria866 (€12.70 in chips) 
ramses31: posts small blind €0.05
lagasalahaga: posts big blind €0.10
*** HOLE CARDS ***
Dealt to pipinoelbreve9 [4h Kc]
STEAKssss: raises €0.15 to €0.25
pipinoelbreve9: folds 
Bavaria866: folds 
Macku320: folds 
ramses31: folds 
lagasalahaga: folds 
Uncalled bet (€0.15) returned to STEAKssss
STEAKssss collected €0.25 from pot
STEAKssss: doesn't show hand 
*** SUMMARY ***
Total pot €0.25 | Rake €0 
Seat 1: Macku320 (button) folded before Flop (didn't bet)
Seat 2: ramses31 (small blind) folded before Flop
Seat 3: lagasalahaga (big blind) folded before Flop
Seat 4: STEAKssss collected (€0.25)
Seat 5: pipinoelbreve9 folded before Flop (didn't bet)
Seat 6: Bavaria866 folded before Flop (didn't bet)



PokerStars Zoom Hand #258206305714:  Hold'em No Limit (€0.05/€0.10) - 2025/10/21 10:56:56 CET [2025/10/21 4:56:56 ET]
Table 'Caph' 6-max Seat #1 is the button
Seat 1: lagasalahaga (€11.13 in chips) 
Seat 2: edraz11 (€18.12 in chips) 
Seat 3: pipinoelbreve9 (€14.89 in chips) 
Seat 4: dd10230 (€8.16 in chips) 
Seat 5: bibimott (€9.52 in chips) 
Seat 6: MagicVodka08 (€10.05 in chips) 
edraz11: posts small blind €0.05
pipinoelbreve9: posts big blind €0.10
*** HOLE CARDS ***
Dealt to pipinoelbreve9 [6c 2h]
dd10230: folds 
bibimott: folds 
MagicVodka08: folds 
lagasalahaga: folds 
edraz11: folds 
Uncalled bet (€0.05) returned to pipinoelbreve9
pipinoelbreve9 collected €0.10 from pot
pipinoelbreve9: doesn't show hand 
*** SUMMARY ***
Total pot €0.10 | Rake €0 
Seat 1: lagasalahaga (button) folded before Flop (didn't bet)
Seat 2: edraz11 (small blind) folded before Flop
Seat 3: pipinoelbreve9 (big blind) collected (€0.10)
Seat 4: dd10230 folded before Flop (didn't bet)
Seat 5: bibimott folded before Flop (didn't bet)
Seat 6: MagicVodka08 folded before Flop (didn't bet)



PokerStars Zoom Hand #258206305560:  Hold'em No Limit (€0.05/€0.10) - 2025/10/21 10:56:54 CET [2025/10/21 4:56:54 ET]
Table 'Caph' 6-max Seat #1 is the button
Seat 1: cAllAnnie2 (€10.29 in chips) 
Seat 2: Macku320 (€13.60 in chips) 
Seat 3: Lomsan (€5.93 in chips) 
Seat 4: pipinoelbreve9 (€14.89 in chips) 
Seat 5: lagasalahaga (€13.25 in chips) 
Seat 6: PedroSG2935 (€15.49 in chips) 
Macku320: posts small blind €0.05
Lomsan: posts big blind €0.10
*** HOLE CARDS ***
Dealt to pipinoelbreve9 [Tc 5h]
pipinoelbreve9: folds 
lagasalahaga: folds 
PedroSG2935: calls €0.10
cAllAnnie2: folds 
Macku320: calls €0.05
Lomsan: checks 
*** FLOP *** [As 3c Jh]
Macku320: checks 
Lomsan: checks 
PedroSG2935: bets €0.10
Macku320: folds 
Lomsan: calls €0.10
*** TURN *** [As 3c Jh] [2s]
Lomsan: checks 
PedroSG2935: checks 
*** RIVER *** [As 3c Jh 2s] [Ac]
Lomsan: bets €0.16
PedroSG2935: folds 
Uncalled bet (€0.16) returned to Lomsan
Lomsan collected €0.48 from pot
Lomsan: doesn't show hand 
*** SUMMARY ***
Total pot €0.50 | Rake €0.02 
Board [As 3c Jh 2s Ac]
Seat 1: cAllAnnie2 (button) folded before Flop (didn't bet)
Seat 2: Macku320 (small blind) folded on the Flop
Seat 3: Lomsan (big blind) collected (€0.48)
Seat 4: pipinoelbreve9 folded before Flop (didn't bet)
Seat 5: lagasalahaga folded before Flop (didn't bet)
Seat 6: PedroSG2935 folded on the River



PokerStars Zoom Hand #258206306709:  Hold'em No Limit (€0.05/€0.10) - 2025/10/21 10:57:12 CET [2025/10/21 4:57:12 ET]
Table 'Caph' 6-max Seat #1 is the button
Seat 1: cAllAnnie2 (€10.44 in chips) 
Seat 2: pipinoelbreve9 (€14.94 in chips) 
Seat 3: jayKOdee (€17.19 in chips) 
Seat 4: denociña (€10.57 in chips) 
Seat 5: Gabbianu (€6.15 in chips) 
Seat 6: lagasalahaga (€11.08 in chips) 
pipinoelbreve9: posts small blind €0.05
jayKOdee: posts big blind €0.10
*** HOLE CARDS ***
Dealt to pipinoelbreve9 [Th Ks]
denociña: folds 
Gabbianu: calls €0.10
lagasalahaga: folds 
cAllAnnie2: folds 
pipinoelbreve9: calls €0.05
jayKOdee: checks 
*** FLOP *** [6d 5d 5h]
pipinoelbreve9: checks 
jayKOdee: checks 
Gabbianu: checks 
*** TURN *** [6d 5d 5h] [9c]
pipinoelbreve9: checks 
jayKOdee: bets €0.28
Gabbianu: calls €0.28
pipinoelbreve9: calls €0.28
*** RIVER *** [6d 5d 5h 9c] [Ac]
pipinoelbreve9: checks 
jayKOdee: bets €1.08
Gabbianu: folds 
pipinoelbreve9: folds 
Uncalled bet (€1.08) returned to jayKOdee
jayKOdee collected €1.08 from pot
jayKOdee: doesn't show hand 
*** SUMMARY ***
Total pot €1.14 | Rake €0.06 
Board [6d 5d 5h 9c Ac]
Seat 1: cAllAnnie2 (button) folded before Flop (didn't bet)
Seat 2: pipinoelbreve9 (small blind) folded on the River
Seat 3: jayKOdee (big blind) collected (€1.08)
Seat 4: denociña folded before Flop (didn't bet)
Seat 5: Gabbianu folded on the River
Seat 6: lagasalahaga folded before Flop (didn't bet)



PokerStars Zoom Hand #258206309620:  Hold'em No Limit (€0.05/€0.10) - 2025/10/21 10:57:59 CET [2025/10/21 4:57:59 ET]
Table 'Caph' 6-max Seat #1 is the button
Seat 1: STEAKssss (€10.29 in chips) 
Seat 2: JimyCarter90 (€4.90 in chips) 
Seat 3: edraz11 (€18.22 in chips) 
Seat 4: pipinoelbreve9 (€14.56 in chips) 
Seat 5: ArchiBolding (€10 in chips) 
Seat 6: Gabbianu (€5.77 in chips) 
JimyCarter90: posts small blind €0.05
edraz11: posts big blind €0.10
*** HOLE CARDS ***
Dealt to pipinoelbreve9 [2c 2d]
pipinoelbreve9: folds 
ArchiBolding: folds 
Gabbianu: folds 
STEAKssss: raises €0.15 to €0.25
JimyCarter90: calls €0.20
edraz11: folds 
*** FLOP *** [3c 7h 8d]
JimyCarter90: bets €0.57
STEAKssss: folds 
Uncalled bet (€0.57) returned to JimyCarter90
JimyCarter90 collected €0.57 from pot
JimyCarter90: doesn't show hand 
*** SUMMARY ***
Total pot €0.60 | Rake €0.03 
Board [3c 7h 8d]
Seat 1: STEAKssss (button) folded on the Flop
Seat 2: JimyCarter90 (small blind) collected (€0.57)
Seat 3: edraz11 (big blind) folded before Flop
Seat 4: pipinoelbreve9 folded before Flop (didn't bet)
Seat 5: ArchiBolding folded before Flop (didn't bet)
Seat 6: Gabbianu folded before Flop (didn't bet)



PokerStars Zoom Hand #258206309875:  Hold'em No Limit (€0.05/€0.10) - 2025/10/21 10:58:03 CET [2025/10/21 4:58:03 ET]
Table 'Caph' 6-max Seat #1 is the button
Seat 1: pipinoelbreve9 (€14.56 in chips) 
Seat 2: peterpunkkkk (€10.86 in chips) 
Seat 3: hosni89 (€4.13 in chips) 
Seat 4: Lomsan (€6.31 in chips) 
Seat 5: NAlexandru22 (€6.54 in chips) 
Seat 6: bibimott (€8.57 in chips) 
peterpunkkkk: posts small blind €0.05
hosni89: posts big blind €0.10
*** HOLE CARDS ***
Dealt to pipinoelbreve9 [As 9s]
Lomsan: folds 
NAlexandru22: folds 
bibimott: folds 
pipinoelbreve9: raises €0.20 to €0.30
peterpunkkkk: folds 
hosni89: raises €0.20 to €0.50
pipinoelbreve9: calls €0.20
*** FLOP *** [Qd 9d 2c]
hosni89: bets €0.10
pipinoelbreve9: calls €0.10
*** TURN *** [Qd 9d 2c] [5s]
hosni89: bets €0.10
pipinoelbreve9: calls €0.10
*** RIVER *** [Qd 9d 2c 5s] [Kh]
hosni89: bets €1.38
pipinoelbreve9: folds 
Uncalled bet (€1.38) returned to hosni89
hosni89 collected €1.38 from pot
hosni89: doesn't show hand 
*** SUMMARY ***
Total pot €1.45 | Rake €0.07 
Board [Qd 9d 2c 5s Kh]
Seat 1: pipinoelbreve9 (button) folded on the River
Seat 2: peterpunkkkk (small blind) folded before Flop
Seat 3: hosni89 (big blind) collected (€1.38)
Seat 4: Lomsan folded before Flop (didn't bet)
Seat 5: NAlexandru22 folded before Flop (didn't bet)
Seat 6: bibimott folded before Flop (didn't bet)



PokerStars Zoom Hand #258206313131:  Hold'em No Limit (€0.05/€0.10) - 2025/10/21 10:58:54 CET [2025/10/21 4:58:54 ET]
Table 'Caph' 6-max Seat #1 is the button
Seat 1: madacoco (€20.84 in chips) 
Seat 2: Lomsan (€10.54 in chips) 
Seat 3: FLOW4422646 (€1.02 in chips) 
Seat 4: pipinoelbreve9 (€13.86 in chips) 
Seat 5: Macku320 (€11.10 in chips) 
Seat 6: LeDom66 (€13.76 in chips) 
Lomsan: posts small blind €0.05
FLOW4422646: posts big blind €0.10
*** HOLE CARDS ***
Dealt to pipinoelbreve9 [Qs 2s]
pipinoelbreve9: folds 
Macku320: folds 
LeDom66: folds 
madacoco: folds 
Lomsan: folds 
Uncalled bet (€0.05) returned to FLOW4422646
FLOW4422646 collected €0.10 from pot
FLOW4422646: doesn't show hand 
*** SUMMARY ***
Total pot €0.10 | Rake €0 
Seat 1: madacoco (button) folded before Flop (didn't bet)
Seat 2: Lomsan (small blind) folded before Flop
Seat 3: FLOW4422646 (big blind) collected (€0.10)
Seat 4: pipinoelbreve9 folded before Flop (didn't bet)
Seat 5: Macku320 folded before Flop (didn't bet)
Seat 6: LeDom66 folded before Flop (didn't bet)



PokerStars Zoom Hand #258206313603:  Hold'em No Limit (€0.05/€0.10) - 2025/10/21 10:59:02 CET [2025/10/21 4:59:02 ET]
Table 'Caph' 6-max Seat #1 is the button
Seat 1: bibimott (€9 in chips) 
Seat 2: freddygvegas (€17.80 in chips) 
Seat 3: pipinoelbreve9 (€13.86 in chips) 
Seat 4: jayKOdee (€11.92 in chips) 
Seat 5: lagasalahaga (€16.83 in chips) 
Seat 6: duarte253 (€17.65 in chips) 
freddygvegas: posts small blind €0.05
pipinoelbreve9: posts big blind €0.10
*** HOLE CARDS ***
Dealt to pipinoelbreve9 [Kh Tc]
jayKOdee: folds 
lagasalahaga: folds 
duarte253: folds 
bibimott: folds 
freddygvegas: folds 
Uncalled bet (€0.05) returned to pipinoelbreve9
pipinoelbreve9 collected €0.10 from pot
pipinoelbreve9: doesn't show hand 
*** SUMMARY ***
Total pot €0.10 | Rake €0 
Seat 1: bibimott (button) folded before Flop (didn't bet)
Seat 2: freddygvegas (small blind) folded before Flop
Seat 3: pipinoelbreve9 (big blind) collected (€0.10)
Seat 4: jayKOdee folded before Flop (didn't bet)
Seat 5: lagasalahaga folded before Flop (didn't bet)
Seat 6: duarte253 folded before Flop (didn't bet)



PokerStars Zoom Hand #258206313362:  Hold'em No Limit (€0.05/€0.10) - 2025/10/21 10:58:58 CET [2025/10/21 4:58:58 ET]
Table 'Caph' 6-max Seat #1 is the button
Seat 1: lagasalahaga (€16.83 in chips) 
Seat 2: MagicVodka08 (€10 in chips) 
Seat 3: Bavaria866 (€9.92 in chips) 
Seat 4: LeDom66 (€13.76 in chips) 
Seat 5: Txinarro69 (€4.99 in chips) 
Seat 6: pipinoelbreve9 (€13.86 in chips) 
MagicVodka08: posts small blind €0.05
Bavaria866: posts big blind €0.10
*** HOLE CARDS ***
Dealt to pipinoelbreve9 [6d 2s]
LeDom66: folds 
Txinarro69: folds 
pipinoelbreve9: folds 
lagasalahaga: folds 
MagicVodka08: folds 
Uncalled bet (€0.05) returned to Bavaria866
Bavaria866 collected €0.10 from pot
Bavaria866: doesn't show hand 
*** SUMMARY ***
Total pot €0.10 | Rake €0 
Seat 1: lagasalahaga (button) folded before Flop (didn't bet)
Seat 2: MagicVodka08 (small blind) folded before Flop
Seat 3: Bavaria866 (big blind) collected (€0.10)
Seat 4: LeDom66 folded before Flop (didn't bet)
Seat 5: Txinarro69 folded before Flop (didn't bet)
Seat 6: pipinoelbreve9 folded before Flop (didn't bet)



PokerStars Zoom Hand #258206314293:  Hold'em No Limit (€0.05/€0.10) - 2025/10/21 10:59:13 CET [2025/10/21 4:59:13 ET]
Table 'Caph' 6-max Seat #1 is the button
Seat 1: pipinoelbreve9 (€13.91 in chips) 
Seat 2: peterpunkkkk (€10.15 in chips) 
Seat 3: billythekid3324 (€4.50 in chips) 
Seat 4: lagasalahaga (€13.55 in chips) 
Seat 5: edraz11 (€14.79 in chips) 
Seat 6: jayKOdee (€12.15 in chips) 
peterpunkkkk: posts small blind €0.05
billythekid3324: posts big blind €0.10
*** HOLE CARDS ***
Dealt to pipinoelbreve9 [2s 5s]
lagasalahaga: folds 
edraz11: folds 
jayKOdee: folds 
pipinoelbreve9: folds 
peterpunkkkk: folds 
Uncalled bet (€0.05) returned to billythekid3324
billythekid3324 collected €0.10 from pot
billythekid3324: doesn't show hand 
*** SUMMARY ***
Total pot €0.10 | Rake €0 
Seat 1: pipinoelbreve9 (button) folded before Flop (didn't bet)
Seat 2: peterpunkkkk (small blind) folded before Flop
Seat 3: billythekid3324 (big blind) collected (€0.10)
Seat 4: lagasalahaga folded before Flop (didn't bet)
Seat 5: edraz11 folded before Flop (didn't bet)
Seat 6: jayKOdee folded before Flop (didn't bet)



PokerStars Zoom Hand #258206314473:  Hold'em No Limit (€0.05/€0.10) - 2025/10/21 10:59:16 CET [2025/10/21 4:59:16 ET]
Table 'Caph' 6-max Seat #1 is the button
Seat 1: LeDom66 (€13.86 in chips) 
Seat 2: pipinoelbreve9 (€13.91 in chips) 
Seat 3: peterpunkkkk (€10.10 in chips) 
Seat 4: lagasalahaga (€16.83 in chips) 
Seat 5: Macku320 (€14.75 in chips) 
Seat 6: Bavaria866 (€12.60 in chips) 
pipinoelbreve9: posts small blind €0.05
peterpunkkkk: posts big blind €0.10
*** HOLE CARDS ***
Dealt to pipinoelbreve9 [8h 4c]
lagasalahaga: folds 
Macku320: folds 
Bavaria866: folds 
LeDom66: raises €0.15 to €0.25
pipinoelbreve9: folds 
peterpunkkkk: folds 
Uncalled bet (€0.15) returned to LeDom66
LeDom66 collected €0.25 from pot
LeDom66: doesn't show hand 
*** SUMMARY ***
Total pot €0.25 | Rake €0 
Seat 1: LeDom66 (button) collected (€0.25)
Seat 2: pipinoelbreve9 (small blind) folded before Flop
Seat 3: peterpunkkkk (big blind) folded before Flop
Seat 4: lagasalahaga folded before Flop (didn't bet)
Seat 5: Macku320 folded before Flop (didn't bet)
Seat 6: Bavaria866 folded before Flop (didn't bet)



PokerStars Zoom Hand #258206315106:  Hold'em No Limit (€0.05/€0.10) - 2025/10/21 10:59:26 CET [2025/10/21 4:59:26 ET]
Table 'Caph' 6-max Seat #1 is the button
Seat 1: lagasalahaga (€19 in chips) 
Seat 2: 50_no_Jutsu (€16.10 in chips) 
Seat 3: pipinoelbreve9 (€13.86 in chips) 
Seat 4: STEAKssss (€10.82 in chips) 
Seat 5: billythekid3324 (€4.55 in chips) 
Seat 6: MagicVodka08 (€10 in chips) 
50_no_Jutsu: posts small blind €0.05
pipinoelbreve9: posts big blind €0.10
*** HOLE CARDS ***
Dealt to pipinoelbreve9 [Qs 8h]
STEAKssss: folds 
billythekid3324 has timed out while disconnected
billythekid3324: folds 
MagicVodka08: raises €0.15 to €0.25
lagasalahaga: folds 
50_no_Jutsu: folds 
pipinoelbreve9: calls €0.15
*** FLOP *** [Ts 7d 2c]
pipinoelbreve9: checks 
MagicVodka08: bets €0.16
pipinoelbreve9: calls €0.16
*** TURN *** [Ts 7d 2c] [Kd]
pipinoelbreve9: checks 
MagicVodka08: bets €0.64
pipinoelbreve9: folds 
Uncalled bet (€0.64) returned to MagicVodka08
MagicVodka08 collected €0.83 from pot
MagicVodka08: doesn't show hand 
*** SUMMARY ***
Total pot €0.87 | Rake €0.04 
Board [Ts 7d 2c Kd]
Seat 1: lagasalahaga (button) folded before Flop (didn't bet)
Seat 2: 50_no_Jutsu (small blind) folded before Flop
Seat 3: pipinoelbreve9 (big blind) folded on the Turn
Seat 4: STEAKssss folded before Flop (didn't bet)
Seat 5: billythekid3324 folded before Flop (didn't bet)
Seat 6: MagicVodka08 collected (€0.83)



PokerStars Zoom Hand #258206318448:  Hold'em No Limit (€0.05/€0.10) - 2025/10/21 11:00:18 CET [2025/10/21 5:00:18 ET]
Table 'Caph' 6-max Seat #1 is the button
Seat 1: JPAX777 (€10 in chips) 
Seat 2: 2Jm2 (€21.21 in chips) 
Seat 3: edraz11 (€17.87 in chips) 
Seat 4: LeDom66 (€13.86 in chips) 
Seat 5: Pinaffsoyri@ (€7.58 in chips) 
Seat 6: pipinoelbreve9 (€13.45 in chips) 
2Jm2: posts small blind €0.05
edraz11: posts big blind €0.10
*** HOLE CARDS ***
Dealt to pipinoelbreve9 [6h Tc]
LeDom66: folds 
Pinaffsoyri@: raises €0.30 to €0.40
pipinoelbreve9: folds 
JPAX777: folds 
2Jm2: folds 
edraz11: folds 
Uncalled bet (€0.30) returned to Pinaffsoyri@
Pinaffsoyri@ collected €0.25 from pot
Pinaffsoyri@: doesn't show hand 
*** SUMMARY ***
Total pot €0.25 | Rake €0 
Seat 1: JPAX777 (button) folded before Flop (didn't bet)
Seat 2: 2Jm2 (small blind) folded before Flop
Seat 3: edraz11 (big blind) folded before Flop
Seat 4: LeDom66 folded before Flop (didn't bet)
Seat 5: Pinaffsoyri@ collected (€0.25)
Seat 6: pipinoelbreve9 folded before Flop (didn't bet)



PokerStars Zoom Hand #258206319062:  Hold'em No Limit (€0.05/€0.10) - 2025/10/21 11:00:27 CET [2025/10/21 5:00:27 ET]
Table 'Caph' 6-max Seat #1 is the button
Seat 1: Ikeeraldaii (€19.58 in chips) 
Seat 2: JPAX777 (€10 in chips) 
Seat 3: duarte253 (€17.59 in chips) 
Seat 4: madacoco (€10 in chips) 
Seat 5: pipinoelbreve9 (€13.45 in chips) 
Seat 6: edraz11 (€17.77 in chips) 
JPAX777: posts small blind €0.05
duarte253: posts big blind €0.10
*** HOLE CARDS ***
Dealt to pipinoelbreve9 [5c 2c]
madacoco: folds 
pipinoelbreve9: folds 
edraz11: folds 
Ikeeraldaii: folds 
JPAX777: raises €0.20 to €0.30
duarte253: folds 
Uncalled bet (€0.20) returned to JPAX777
JPAX777 collected €0.20 from pot
JPAX777: doesn't show hand 
*** SUMMARY ***
Total pot €0.20 | Rake €0 
Seat 1: Ikeeraldaii (button) folded before Flop (didn't bet)
Seat 2: JPAX777 (small blind) collected (€0.20)
Seat 3: duarte253 (big blind) folded before Flop
Seat 4: madacoco folded before Flop (didn't bet)
Seat 5: pipinoelbreve9 folded before Flop (didn't bet)
Seat 6: edraz11 folded before Flop (didn't bet)



PokerStars Zoom Hand #258206319912:  Hold'em No Limit (€0.05/€0.10) - 2025/10/21 11:00:38 CET [2025/10/21 5:00:38 ET]
Table 'Caph' 6-max Seat #1 is the button
Seat 1: Macku320 (€13.73 in chips) 
Seat 2: FLOW4422646 (€1.01 in chips) 
Seat 3: JPAX777 (€10.10 in chips) 
Seat 4: peterpunkkkk (€10.60 in chips) 
Seat 5: 2Jm2 (€12.90 in chips) 
Seat 6: pipinoelbreve9 (€13.45 in chips) 
FLOW4422646: posts small blind €0.05
JPAX777: posts big blind €0.10
*** HOLE CARDS ***
Dealt to pipinoelbreve9 [Ks 7d]
peterpunkkkk: folds 
2Jm2: folds 
pipinoelbreve9: folds 
Macku320: raises €0.15 to €0.25
FLOW4422646: folds 
JPAX777: folds 
Uncalled bet (€0.15) returned to Macku320
Macku320 collected €0.25 from pot
Macku320: doesn't show hand 
*** SUMMARY ***
Total pot €0.25 | Rake €0 
Seat 1: Macku320 (button) collected (€0.25)
Seat 2: FLOW4422646 (small blind) folded before Flop
Seat 3: JPAX777 (big blind) folded before Flop
Seat 4: peterpunkkkk folded before Flop (didn't bet)
Seat 5: 2Jm2 folded before Flop (didn't bet)
Seat 6: pipinoelbreve9 folded before Flop (didn't bet)



PokerStars Zoom Hand #258206319738:  Hold'em No Limit (€0.05/€0.10) - 2025/10/21 11:00:36 CET [2025/10/21 5:00:36 ET]
Table 'Caph' 6-max Seat #1 is the button
Seat 1: Lomsan (€10.34 in chips) 
Seat 2: bibimott (€9.10 in chips) 
Seat 3: NAlexandru22 (€7.14 in chips) 
Seat 4: pipinoelbreve9 (€13.45 in chips) 
Seat 5: duarte253 (€17.49 in chips) 
Seat 6: Macku320 (€10 in chips) 
bibimott: posts small blind €0.05
NAlexandru22: posts big blind €0.10
*** HOLE CARDS ***
Dealt to pipinoelbreve9 [2h 6c]
pipinoelbreve9: folds 
duarte253: calls €0.10
Macku320: folds 
Lomsan: calls €0.10
bibimott: folds 
NAlexandru22: raises €0.40 to €0.50
duarte253: folds 
Lomsan: folds 
Uncalled bet (€0.40) returned to NAlexandru22
NAlexandru22 collected €0.35 from pot
NAlexandru22: doesn't show hand 
*** SUMMARY ***
Total pot €0.35 | Rake €0 
Seat 1: Lomsan (button) folded before Flop
Seat 2: bibimott (small blind) folded before Flop
Seat 3: NAlexandru22 (big blind) collected (€0.35)
Seat 4: pipinoelbreve9 folded before Flop (didn't bet)
Seat 5: duarte253 folded before Flop
Seat 6: Macku320 folded before Flop (didn't bet)



PokerStars Zoom Hand #258206320932:  Hold'em No Limit (€0.05/€0.10) - 2025/10/21 11:00:52 CET [2025/10/21 5:00:52 ET]
Table 'Caph' 6-max Seat #1 is the button
Seat 1: pipinoelbreve9 (€13.40 in chips) 
Seat 2: 2Jm2 (€14.31 in chips) 
Seat 3: Macku320 (€14.75 in chips) 
Seat 4: 50_no_Jutsu (€23.44 in chips) 
Seat 5: Ikeeraldaii (€16.76 in chips) 
Seat 6: samvalueee (€6.43 in chips) 
2Jm2: posts small blind €0.05
Macku320: posts big blind €0.10
*** HOLE CARDS ***
Dealt to pipinoelbreve9 [7s Qh]
50_no_Jutsu: folds 
Ikeeraldaii has timed out
Ikeeraldaii: folds 
samvalueee: folds 
pipinoelbreve9: folds 
2Jm2: folds 
Uncalled bet (€0.05) returned to Macku320
Macku320 collected €0.10 from pot
Macku320: doesn't show hand 
*** SUMMARY ***
Total pot €0.10 | Rake €0 
Seat 1: pipinoelbreve9 (button) folded before Flop (didn't bet)
Seat 2: 2Jm2 (small blind) folded before Flop
Seat 3: Macku320 (big blind) collected (€0.10)
Seat 4: 50_no_Jutsu folded before Flop (didn't bet)
Seat 5: Ikeeraldaii folded before Flop (didn't bet)
Seat 6: samvalueee folded before Flop (didn't bet)



PokerStars Zoom Hand #258206321324:  Hold'em No Limit (€0.05/€0.10) - 2025/10/21 11:00:57 CET [2025/10/21 5:00:57 ET]
Table 'Caph' 6-max Seat #1 is the button
Seat 1: duarte253 (€17.39 in chips) 
Seat 2: 50_no_Jutsu (€23.44 in chips) 
Seat 3: pipinoelbreve9 (€13.40 in chips) 
Seat 4: hosni89 (€5.46 in chips) 
Seat 5: samvalueee (€6.43 in chips) 
Seat 6: peterpunkkkk (€10.75 in chips) 
50_no_Jutsu: posts small blind €0.05
pipinoelbreve9: posts big blind €0.10
*** HOLE CARDS ***
Dealt to pipinoelbreve9 [3s 9d]
hosni89: raises €0.25 to €0.35
samvalueee: folds 
peterpunkkkk: folds 
duarte253: folds 
50_no_Jutsu: folds 
pipinoelbreve9: folds 
Uncalled bet (€0.25) returned to hosni89
hosni89 collected €0.25 from pot
hosni89: doesn't show hand 
*** SUMMARY ***
Total pot €0.25 | Rake €0 
Seat 1: duarte253 (button) folded before Flop (didn't bet)
Seat 2: 50_no_Jutsu (small blind) folded before Flop
Seat 3: pipinoelbreve9 (big blind) folded before Flop
Seat 4: hosni89 collected (€0.25)
Seat 5: samvalueee folded before Flop (didn't bet)
Seat 6: peterpunkkkk folded before Flop (didn't bet)



PokerStars Zoom Hand #258206319353:  Hold'em No Limit (€0.05/€0.10) - 2025/10/21 11:00:30 CET [2025/10/21 5:00:30 ET]
Table 'Caph' 6-max Seat #1 is the button
Seat 1: madacoco (€10 in chips) 
Seat 2: Macku320 (€10.20 in chips) 
Seat 3: edraz11 (€13.26 in chips) 
Seat 4: pipinoelbreve9 (€13.45 in chips) 
Seat 5: bibimott (€9.10 in chips) 
Seat 6: MagicVodka08 (€16.55 in chips) 
Macku320: posts small blind €0.05
edraz11: posts big blind €0.10
*** HOLE CARDS ***
Dealt to pipinoelbreve9 [Qd 7h]
pipinoelbreve9: folds 
bibimott: folds 
edraz11 is disconnected 
MagicVodka08: raises €0.15 to €0.25
madacoco: folds 
Macku320: folds 
edraz11 has timed out while disconnected
edraz11: folds 
Uncalled bet (€0.15) returned to MagicVodka08
MagicVodka08 collected €0.25 from pot
MagicVodka08: doesn't show hand 
*** SUMMARY ***
Total pot €0.25 | Rake €0 
Seat 1: madacoco (button) folded before Flop (didn't bet)
Seat 2: Macku320 (small blind) folded before Flop
Seat 3: edraz11 (big blind) folded before Flop
Seat 4: pipinoelbreve9 folded before Flop (didn't bet)
Seat 5: bibimott folded before Flop (didn't bet)
Seat 6: MagicVodka08 collected (€0.25)



PokerStars Zoom Hand #258206320453:  Hold'em No Limit (€0.05/€0.10) - 2025/10/21 11:00:46 CET [2025/10/21 5:00:46 ET]
Table 'Caph' 6-max Seat #1 is the button
Seat 1: FLOW4422646 (€0.96 in chips) 
Seat 2: pipinoelbreve9 (€13.45 in chips) 
Seat 3: Bertolin300 (€7.58 in chips) 
Seat 4: bibimott (€9.05 in chips) 
Seat 5: lagasalahaga (€16.83 in chips) 
Seat 6: PedroSG2935 (€6.17 in chips) 
pipinoelbreve9: posts small blind €0.05
Bertolin300: posts big blind €0.10
*** HOLE CARDS ***
Dealt to pipinoelbreve9 [Qd 4c]
bibimott: raises €0.10 to €0.20
lagasalahaga: folds 
PedroSG2935: folds 
FLOW4422646: calls €0.20
pipinoelbreve9: folds 
Bertolin300: folds 
*** FLOP *** [Qs 5d 3c]
bibimott: checks 
FLOW4422646: bets €0.76 and is all-in
bibimott: folds 
Uncalled bet (€0.76) returned to FLOW4422646
FLOW4422646 collected €0.52 from pot
FLOW4422646: doesn't show hand 
*** SUMMARY ***
Total pot €0.55 | Rake €0.03 
Board [Qs 5d 3c]
Seat 1: FLOW4422646 (button) collected (€0.52)
Seat 2: pipinoelbreve9 (small blind) folded before Flop
Seat 3: Bertolin300 (big blind) folded before Flop
Seat 4: bibimott folded on the Flop
Seat 5: lagasalahaga folded before Flop (didn't bet)
Seat 6: PedroSG2935 folded before Flop (didn't bet)



PokerStars Zoom Hand #258206322704:  Hold'em No Limit (€0.05/€0.10) - 2025/10/21 11:01:16 CET [2025/10/21 5:01:16 ET]
Table 'Caph' 6-max Seat #1 is the button
Seat 1: Ikeeraldaii (€19.58 in chips) 
Seat 2: Lomsan (€7.64 in chips) 
Seat 3: peterpunkkkk (€10.53 in chips) 
Seat 4: LeDom66 (€14.01 in chips) 
Seat 5: pipinoelbreve9 (€13.30 in chips) 
Seat 6: cAllAnnie2 (€15.44 in chips) 
Lomsan: posts small blind €0.05
peterpunkkkk: posts big blind €0.10
*** HOLE CARDS ***
Dealt to pipinoelbreve9 [8h 9c]
LeDom66: folds 
pipinoelbreve9: folds 
cAllAnnie2: folds 
Ikeeraldaii: raises €0.20 to €0.30
Lomsan: folds 
peterpunkkkk: folds 
Uncalled bet (€0.20) returned to Ikeeraldaii
Ikeeraldaii collected €0.25 from pot
Ikeeraldaii: doesn't show hand 
*** SUMMARY ***
Total pot €0.25 | Rake €0 
Seat 1: Ikeeraldaii (button) collected (€0.25)
Seat 2: Lomsan (small blind) folded before Flop
Seat 3: peterpunkkkk (big blind) folded before Flop
Seat 4: LeDom66 folded before Flop (didn't bet)
Seat 5: pipinoelbreve9 folded before Flop (didn't bet)
Seat 6: cAllAnnie2 folded before Flop (didn't bet)



PokerStars Zoom Hand #258206323001:  Hold'em No Limit (€0.05/€0.10) - 2025/10/21 11:01:19 CET [2025/10/21 5:01:19 ET]
Table 'Caph' 6-max Seat #1 is the button
Seat 1: denociña (€10.95 in chips) 
Seat 2: madacoco (€10 in chips) 
Seat 3: Ruben_osm (€11.03 in chips) 
Seat 4: pipinoelbreve9 (€13.30 in chips) 
Seat 5: Bavaria866 (€11.86 in chips) 
Seat 6: LeDom66 (€14.01 in chips) 
madacoco: posts small blind €0.05
Ruben_osm: posts big blind €0.10
*** HOLE CARDS ***
Dealt to pipinoelbreve9 [As 6s]
pipinoelbreve9: folds 
Bavaria866: folds 
LeDom66: folds 
denociña: folds 
madacoco: folds 
Uncalled bet (€0.05) returned to Ruben_osm
Ruben_osm collected €0.10 from pot
Ruben_osm: doesn't show hand 
*** SUMMARY ***
Total pot €0.10 | Rake €0 
Seat 1: denociña (button) folded before Flop (didn't bet)
Seat 2: madacoco (small blind) folded before Flop
Seat 3: Ruben_osm (big blind) collected (€0.10)
Seat 4: pipinoelbreve9 folded before Flop (didn't bet)
Seat 5: Bavaria866 folded before Flop (didn't bet)
Seat 6: LeDom66 folded before Flop (didn't bet)



PokerStars Zoom Hand #258206322103:  Hold'em No Limit (€0.05/€0.10) - 2025/10/21 11:01:08 CET [2025/10/21 5:01:08 ET]
Table 'Caph' 6-max Seat #1 is the button
Seat 1: cAllAnnie2 (€15.44 in chips) 
Seat 2: duarte253 (€17.39 in chips) 
Seat 3: JPAX777 (€10 in chips) 
Seat 4: Lomsan (€10.24 in chips) 
Seat 5: Macku320 (€13.83 in chips) 
Seat 6: pipinoelbreve9 (€13.30 in chips) 
duarte253: posts small blind €0.05
JPAX777: posts big blind €0.10
*** HOLE CARDS ***
Dealt to pipinoelbreve9 [As 7s]
Lomsan: folds 
Macku320: raises €0.10 to €0.20
pipinoelbreve9: folds 
cAllAnnie2: folds 
duarte253: calls €0.15
JPAX777: folds 
*** FLOP *** [Kh Kc 6h]
duarte253: checks 
Macku320: bets €0.16
duarte253: calls €0.16
*** TURN *** [Kh Kc 6h] [2s]
duarte253: checks 
Macku320: bets €0.58
duarte253: calls €0.58
*** RIVER *** [Kh Kc 6h 2s] [3s]
duarte253: checks 
Macku320: checks 
*** SHOW DOWN ***
duarte253: shows [7c 6c] (two pair, Kings and Sixes)
Macku320: shows [8d 8c] (two pair, Kings and Eights)
Macku320 collected €1.88 from pot
*** SUMMARY ***
Total pot €1.98 | Rake €0.10 
Board [Kh Kc 6h 2s 3s]
Seat 1: cAllAnnie2 (button) folded before Flop (didn't bet)
Seat 2: duarte253 (small blind) showed [7c 6c] and lost with two pair, Kings and Sixes
Seat 3: JPAX777 (big blind) folded before Flop
Seat 4: Lomsan folded before Flop (didn't bet)
Seat 5: Macku320 showed [8d 8c] and won (€1.88) with two pair, Kings and Eights
Seat 6: pipinoelbreve9 folded before Flop (didn't bet)



PokerStars Zoom Hand #258206323998:  Hold'em No Limit (€0.05/€0.10) - 2025/10/21 11:01:32 CET [2025/10/21 5:01:32 ET]
Table 'Caph' 6-max Seat #1 is the button
Seat 1: pipatchie728 (€12.71 in chips) 
Seat 2: samvalueee (€6.48 in chips) 
Seat 3: pipinoelbreve9 (€13.25 in chips) 
Seat 4: JPAX777 (€10 in chips) 
Seat 5: bibimott (€12.92 in chips) 
Seat 6: Aleksifr (€13.76 in chips) 
samvalueee: posts small blind €0.05
pipinoelbreve9: posts big blind €0.10
*** HOLE CARDS ***
Dealt to pipinoelbreve9 [4d Kh]
JPAX777: folds 
bibimott: folds 
Aleksifr: folds 
pipatchie728 has timed out while disconnected
pipatchie728: folds 
samvalueee: folds 
Uncalled bet (€0.05) returned to pipinoelbreve9
pipinoelbreve9 collected €0.10 from pot
pipinoelbreve9: doesn't show hand 
*** SUMMARY ***
Total pot €0.10 | Rake €0 
Seat 1: pipatchie728 (button) folded before Flop (didn't bet)
Seat 2: samvalueee (small blind) folded before Flop
Seat 3: pipinoelbreve9 (big blind) collected (€0.10)
Seat 4: JPAX777 folded before Flop (didn't bet)
Seat 5: bibimott folded before Flop (didn't bet)
Seat 6: Aleksifr folded before Flop (didn't bet)



PokerStars Zoom Hand #258206323623:  Hold'em No Limit (€0.05/€0.10) - 2025/10/21 11:01:28 CET [2025/10/21 5:01:28 ET]
Table 'Caph' 6-max Seat #1 is the button
Seat 1: pipinoelbreve9 (€13.25 in chips) 
Seat 2: Macku320 (€10.20 in chips) 
Seat 3: LeDom66 (€14.01 in chips) 
Seat 4: Bavaria866 (€13.63 in chips) 
Seat 5: JPAX777 (€10 in chips) 
Seat 6: madacoco (€10 in chips) 
Macku320: posts small blind €0.05
LeDom66: posts big blind €0.10
*** HOLE CARDS ***
Dealt to pipinoelbreve9 [3s 7c]
Bavaria866: folds 
JPAX777: folds 
madacoco: raises €0.15 to €0.25
pipinoelbreve9: folds 
Macku320: folds 
LeDom66: calls €0.15
*** FLOP *** [2c 9d Jc]
LeDom66: checks 
madacoco: bets €0.15
LeDom66: calls €0.15
*** TURN *** [2c 9d Jc] [Qc]
LeDom66: checks 
madacoco: checks 
*** RIVER *** [2c 9d Jc Qc] [As]
LeDom66: checks 
madacoco: checks 
*** SHOW DOWN ***
LeDom66: shows [Td Th] (a pair of Tens)
madacoco: shows [Kc Qs] (a pair of Queens)
madacoco collected €0.81 from pot
*** SUMMARY ***
Total pot €0.85 | Rake €0.04 
Board [2c 9d Jc Qc As]
Seat 1: pipinoelbreve9 (button) folded before Flop (didn't bet)
Seat 2: Macku320 (small blind) folded before Flop
Seat 3: LeDom66 (big blind) showed [Td Th] and lost with a pair of Tens
Seat 4: Bavaria866 folded before Flop (didn't bet)
Seat 5: JPAX777 folded before Flop (didn't bet)
Seat 6: madacoco showed [Kc Qs] and won (€0.81) with a pair of Queens



PokerStars Zoom Hand #258206323345:  Hold'em No Limit (€0.05/€0.10) - 2025/10/21 11:01:24 CET [2025/10/21 5:01:24 ET]
Table 'Caph' 6-max Seat #1 is the button
Seat 1: denociña (€10.66 in chips) 
Seat 2: pipinoelbreve9 (€13.30 in chips) 
Seat 3: Lomsan (€11.19 in chips) 
Seat 4: 2Jm2 (€12.85 in chips) 
Seat 5: peterpunkkkk (€10 in chips) 
Seat 6: FLOW4422646 (€1.28 in chips) 
pipinoelbreve9: posts small blind €0.05
Lomsan: posts big blind €0.10
*** HOLE CARDS ***
Dealt to pipinoelbreve9 [3c Qc]
2Jm2: folds 
peterpunkkkk: folds 
FLOW4422646: folds 
denociña: raises €0.10 to €0.20
pipinoelbreve9: folds 
Lomsan: calls €0.10
*** FLOP *** [7d 9s 3s]
Lomsan: checks 
denociña: checks 
*** TURN *** [7d 9s 3s] [Kc]
Lomsan: bets €0.32
denociña: calls €0.32
*** RIVER *** [7d 9s 3s Kc] [6d]
Lomsan: bets €0.80
denociña: calls €0.80
*** SHOW DOWN ***
Lomsan: shows [7c Kd] (two pair, Kings and Sevens)
denociña: mucks hand 
Lomsan collected €2.56 from pot
*** SUMMARY ***
Total pot €2.69 | Rake €0.13 
Board [7d 9s 3s Kc 6d]
Seat 1: denociña (button) mucked [Kh Qs]
Seat 2: pipinoelbreve9 (small blind) folded before Flop
Seat 3: Lomsan (big blind) showed [7c Kd] and won (€2.56) with two pair, Kings and Sevens
Seat 4: 2Jm2 folded before Flop (didn't bet)
Seat 5: peterpunkkkk folded before Flop (didn't bet)
Seat 6: FLOW4422646 folded before Flop (didn't bet)



PokerStars Zoom Hand #258206325350:  Hold'em No Limit (€0.05/€0.10) - 2025/10/21 11:01:51 CET [2025/10/21 5:01:51 ET]
Table 'Caph' 6-max Seat #1 is the button
Seat 1: pipinoelbreve9 (€13.30 in chips) 
Seat 2: FLOW4422646 (€1.28 in chips) 
Seat 3: 2Jm2 (€13.86 in chips) 
Seat 4: JimyCarter90 (€1.78 in chips) 
Seat 5: omgisandrew (€9.25 in chips) 
Seat 6: denociña (€10.95 in chips) 
FLOW4422646: posts small blind €0.05
2Jm2: posts big blind €0.10
*** HOLE CARDS ***
Dealt to pipinoelbreve9 [5s 6s]
JimyCarter90: folds 
omgisandrew: raises €0.20 to €0.30
denociña: folds 
pipinoelbreve9: raises €0.40 to €0.70
FLOW4422646: folds 
2Jm2: folds 
omgisandrew: calls €0.40
*** FLOP *** [Qs 7s Kh]
omgisandrew: checks 
pipinoelbreve9: bets €0.49
omgisandrew: raises €1.03 to €1.52
pipinoelbreve9: calls €1.03
*** TURN *** [Qs 7s Kh] [Qd]
omgisandrew: checks 
pipinoelbreve9: checks 
*** RIVER *** [Qs 7s Kh Qd] [5c]
omgisandrew: bets €7.03 and is all-in
pipinoelbreve9: folds 
Uncalled bet (€7.03) returned to omgisandrew
omgisandrew collected €4.36 from pot
omgisandrew: doesn't show hand 
*** SUMMARY ***
Total pot €4.59 | Rake €0.23 
Board [Qs 7s Kh Qd 5c]
Seat 1: pipinoelbreve9 (button) folded on the River
Seat 2: FLOW4422646 (small blind) folded before Flop
Seat 3: 2Jm2 (big blind) folded before Flop
Seat 4: JimyCarter90 folded before Flop (didn't bet)
Seat 5: omgisandrew collected (€4.36)
Seat 6: denociña folded before Flop (didn't bet)



PokerStars Zoom Hand #258206330012:  Hold'em No Limit (€0.05/€0.10) - 2025/10/21 11:02:51 CET [2025/10/21 5:02:51 ET]
Table 'Caph' 6-max Seat #1 is the button
Seat 1: pipatchie728 (€14.11 in chips) 
Seat 2: Lomsan (€9.79 in chips) 
Seat 3: samvalueee (€6.43 in chips) 
Seat 4: Macku320 (€14.67 in chips) 
Seat 5: pipinoelbreve9 (€11.08 in chips) 
Seat 6: 50_no_Jutsu (€23.80 in chips) 
Lomsan: posts small blind €0.05
samvalueee: posts big blind €0.10
*** HOLE CARDS ***
Dealt to pipinoelbreve9 [3d 2c]
Macku320: folds 
pipinoelbreve9: folds 
50_no_Jutsu: folds 
pipatchie728: folds 
Lomsan: folds 
Uncalled bet (€0.05) returned to samvalueee
samvalueee collected €0.10 from pot
samvalueee: doesn't show hand 
*** SUMMARY ***
Total pot €0.10 | Rake €0 
Seat 1: pipatchie728 (button) folded before Flop (didn't bet)
Seat 2: Lomsan (small blind) folded before Flop
Seat 3: samvalueee (big blind) collected (€0.10)
Seat 4: Macku320 folded before Flop (didn't bet)
Seat 5: pipinoelbreve9 folded before Flop (didn't bet)
Seat 6: 50_no_Jutsu folded before Flop (didn't bet)



PokerStars Zoom Hand #258206330398:  Hold'em No Limit (€0.05/€0.10) - 2025/10/21 11:02:56 CET [2025/10/21 5:02:56 ET]
Table 'Caph' 6-max Seat #1 is the button
Seat 1: Macku320 (€14.67 in chips) 
Seat 2: pipatchie728 (€14.11 in chips) 
Seat 3: 50_no_Jutsu (€23.80 in chips) 
Seat 4: Ikeeraldaii (€16.88 in chips) 
Seat 5: denociña (€10.05 in chips) 
Seat 6: pipinoelbreve9 (€11.08 in chips) 
pipatchie728: posts small blind €0.05
50_no_Jutsu: posts big blind €0.10
*** HOLE CARDS ***
Dealt to pipinoelbreve9 [Ac Qs]
Ikeeraldaii: folds 
denociña: folds 
pipinoelbreve9: raises €0.20 to €0.30
Macku320: folds 
pipatchie728: folds 
50_no_Jutsu: folds 
Uncalled bet (€0.20) returned to pipinoelbreve9
pipinoelbreve9 collected €0.25 from pot
pipinoelbreve9: doesn't show hand 
*** SUMMARY ***
Total pot €0.25 | Rake €0 
Seat 1: Macku320 (button) folded before Flop (didn't bet)
Seat 2: pipatchie728 (small blind) folded before Flop
Seat 3: 50_no_Jutsu (big blind) folded before Flop
Seat 4: Ikeeraldaii folded before Flop (didn't bet)
Seat 5: denociña folded before Flop (didn't bet)
Seat 6: pipinoelbreve9 collected (€0.25)



PokerStars Zoom Hand #258206332027:  Hold'em No Limit (€0.05/€0.10) - 2025/10/21 11:03:17 CET [2025/10/21 5:03:17 ET]
Table 'Caph' 6-max Seat #1 is the button
Seat 1: MagicVodka08 (€10 in chips) 
Seat 2: pipinoelbreve9 (€11.23 in chips) 
Seat 3: Lomsan (€12.38 in chips) 
Seat 4: Ruben_osm (€10.23 in chips) 
Seat 5: pipatchie728 (€12.56 in chips) 
Seat 6: denociña (€11.53 in chips) 
pipinoelbreve9: posts small blind €0.05
Lomsan: posts big blind €0.10
*** HOLE CARDS ***
Dealt to pipinoelbreve9 [7h 6c]
Ruben_osm: raises €0.11 to €0.21
pipatchie728: folds 
denociña: folds 
MagicVodka08: folds 
pipinoelbreve9: folds 
Lomsan: folds 
Uncalled bet (€0.11) returned to Ruben_osm
Ruben_osm collected €0.25 from pot
Ruben_osm: doesn't show hand 
*** SUMMARY ***
Total pot €0.25 | Rake €0 
Seat 1: MagicVodka08 (button) folded before Flop (didn't bet)
Seat 2: pipinoelbreve9 (small blind) folded before Flop
Seat 3: Lomsan (big blind) folded before Flop
Seat 4: Ruben_osm collected (€0.25)
Seat 5: pipatchie728 folded before Flop (didn't bet)
Seat 6: denociña folded before Flop (didn't bet)



PokerStars Zoom Hand #258206332742:  Hold'em No Limit (€0.05/€0.10) - 2025/10/21 11:03:26 CET [2025/10/21 5:03:26 ET]
Table 'Caph' 6-max Seat #1 is the button
Seat 1: Lomsan (€7.34 in chips) 
Seat 2: peterpunkkkk (€10.98 in chips) 
Seat 3: pipinoelbreve9 (€11.18 in chips) 
Seat 4: 2Jm2 (€14.50 in chips) 
Seat 5: bibimott (€12.32 in chips) 
Seat 6: Macku320 (€14.77 in chips) 
peterpunkkkk: posts small blind €0.05
pipinoelbreve9: posts big blind €0.10
*** HOLE CARDS ***
Dealt to pipinoelbreve9 [9s 3s]
2Jm2: raises €0.15 to €0.25
bibimott: folds 
Macku320: folds 
Lomsan: folds 
peterpunkkkk: folds 
pipinoelbreve9: folds 
Uncalled bet (€0.15) returned to 2Jm2
2Jm2 collected €0.25 from pot
2Jm2: doesn't show hand 
*** SUMMARY ***
Total pot €0.25 | Rake €0 
Seat 1: Lomsan (button) folded before Flop (didn't bet)
Seat 2: peterpunkkkk (small blind) folded before Flop
Seat 3: pipinoelbreve9 (big blind) folded before Flop
Seat 4: 2Jm2 collected (€0.25)
Seat 5: bibimott folded before Flop (didn't bet)
Seat 6: Macku320 folded before Flop (didn't bet)



PokerStars Zoom Hand #258206333360:  Hold'em No Limit (€0.05/€0.10) - 2025/10/21 11:03:34 CET [2025/10/21 5:03:34 ET]
Table 'Caph' 6-max Seat #1 is the button
Seat 1: samvalueee (€6.43 in chips) 
Seat 2: pipatchie728 (€12.46 in chips) 
Seat 3: denociña (€10.58 in chips) 
Seat 4: pipinoelbreve9 (€11.08 in chips) 
Seat 5: peterpunkkkk (€10.93 in chips) 
Seat 6: Gabbianu (€20.70 in chips) 
pipatchie728: posts small blind €0.05
denociña: posts big blind €0.10
*** HOLE CARDS ***
Dealt to pipinoelbreve9 [5d 3c]
pipinoelbreve9: folds 
peterpunkkkk: folds 
Gabbianu: raises €0.10 to €0.20
samvalueee: folds 
pipatchie728: folds 
denociña: folds 
Uncalled bet (€0.10) returned to Gabbianu
Gabbianu collected €0.25 from pot
Gabbianu: doesn't show hand 
*** SUMMARY ***
Total pot €0.25 | Rake €0 
Seat 1: samvalueee (button) folded before Flop (didn't bet)
Seat 2: pipatchie728 (small blind) folded before Flop
Seat 3: denociña (big blind) folded before Flop
Seat 4: pipinoelbreve9 folded before Flop (didn't bet)
Seat 5: peterpunkkkk folded before Flop (didn't bet)
Seat 6: Gabbianu collected (€0.25)



PokerStars Zoom Hand #258206333955:  Hold'em No Limit (€0.05/€0.10) - 2025/10/21 11:03:42 CET [2025/10/21 5:03:42 ET]
Table 'Caph' 6-max Seat #1 is the button
Seat 1: pipinoelbreve9 (€11.08 in chips) 
Seat 2: omgisandrew (€11.69 in chips) 
Seat 3: peterpunkkkk (€10 in chips) 
Seat 4: rsstatus (€14.58 in chips) 
Seat 5: duarte253 (€15.11 in chips) 
Seat 6: JPAX777 (€10 in chips) 
omgisandrew: posts small blind €0.05
peterpunkkkk: posts big blind €0.10
*** HOLE CARDS ***
Dealt to pipinoelbreve9 [Td 2h]
rsstatus: folds 
duarte253: folds 
JPAX777: folds 
pipinoelbreve9: folds 
omgisandrew: folds 
Uncalled bet (€0.05) returned to peterpunkkkk
peterpunkkkk collected €0.10 from pot
peterpunkkkk: doesn't show hand 
*** SUMMARY ***
Total pot €0.10 | Rake €0 
Seat 1: pipinoelbreve9 (button) folded before Flop (didn't bet)
Seat 2: omgisandrew (small blind) folded before Flop
Seat 3: peterpunkkkk (big blind) collected (€0.10)
Seat 4: rsstatus folded before Flop (didn't bet)
Seat 5: duarte253 folded before Flop (didn't bet)
Seat 6: JPAX777 folded before Flop (didn't bet)



PokerStars Zoom Hand #258206334655:  Hold'em No Limit (€0.05/€0.10) - 2025/10/21 11:03:51 CET [2025/10/21 5:03:51 ET]
Table 'Caph' 6-max Seat #1 is the button
Seat 1: NAlexandru22 (€7.38 in chips) 
Seat 2: pipinoelbreve9 (€11.08 in chips) 
Seat 3: Lomsan (€9.54 in chips) 
Seat 4: Ikeeraldaii (€10.34 in chips) 
Seat 5: duarte253 (€15.11 in chips) 
Seat 6: peterpunkkkk (€10 in chips) 
pipinoelbreve9: posts small blind €0.05
Lomsan: posts big blind €0.10
*** HOLE CARDS ***
Dealt to pipinoelbreve9 [Ts 6d]
Ikeeraldaii: folds 
duarte253: folds 
peterpunkkkk: folds 
NAlexandru22: folds 
pipinoelbreve9: folds 
Uncalled bet (€0.05) returned to Lomsan
Lomsan collected €0.10 from pot
Lomsan: doesn't show hand 
*** SUMMARY ***
Total pot €0.10 | Rake €0 
Seat 1: NAlexandru22 (button) folded before Flop (didn't bet)
Seat 2: pipinoelbreve9 (small blind) folded before Flop
Seat 3: Lomsan (big blind) collected (€0.10)
Seat 4: Ikeeraldaii folded before Flop (didn't bet)
Seat 5: duarte253 folded before Flop (didn't bet)
Seat 6: peterpunkkkk folded before Flop (didn't bet)



PokerStars Zoom Hand #258206334847:  Hold'em No Limit (€0.05/€0.10) - 2025/10/21 11:03:54 CET [2025/10/21 5:03:54 ET]
Table 'Caph' 6-max Seat #1 is the button
Seat 1: 2Jm2 (€14.60 in chips) 
Seat 2: STEAKssss (€10.05 in chips) 
Seat 3: pipinoelbreve9 (€11.03 in chips) 
Seat 4: MagicVodka08 (€19.47 in chips) 
Seat 5: denociña (€10.48 in chips) 
Seat 6: JPAX777 (€12.84 in chips) 
STEAKssss: posts small blind €0.05
pipinoelbreve9: posts big blind €0.10
*** HOLE CARDS ***
Dealt to pipinoelbreve9 [4c Ks]
MagicVodka08: folds 
denociña: folds 
JPAX777: folds 
2Jm2: folds 
STEAKssss: raises €0.20 to €0.30
pipinoelbreve9: folds 
Uncalled bet (€0.20) returned to STEAKssss
STEAKssss collected €0.20 from pot
STEAKssss: doesn't show hand 
*** SUMMARY ***
Total pot €0.20 | Rake €0 
Seat 1: 2Jm2 (button) folded before Flop (didn't bet)
Seat 2: STEAKssss (small blind) collected (€0.20)
Seat 3: pipinoelbreve9 (big blind) folded before Flop
Seat 4: MagicVodka08 folded before Flop (didn't bet)
Seat 5: denociña folded before Flop (didn't bet)
Seat 6: JPAX777 folded before Flop (didn't bet)



PokerStars Zoom Hand #258206336819:  Hold'em No Limit (€0.05/€0.10) - 2025/10/21 11:04:19 CET [2025/10/21 5:04:19 ET]
Table 'Caph' 6-max Seat #1 is the button
Seat 1: JPAX777 (€12.79 in chips) 
Seat 2: peterpunkkkk (€10 in chips) 
Seat 3: cAllAnnie2 (€10 in chips) 
Seat 4: pipinoelbreve9 (€10.93 in chips) 
Seat 5: Macku320 (€10.66 in chips) 
Seat 6: duarte253 (€14.96 in chips) 
peterpunkkkk: posts small blind €0.05
cAllAnnie2: posts big blind €0.10
*** HOLE CARDS ***
Dealt to pipinoelbreve9 [4d Jh]
pipinoelbreve9: folds 
Macku320: folds 
duarte253: folds 
JPAX777: folds 
peterpunkkkk: folds 
Uncalled bet (€0.05) returned to cAllAnnie2
cAllAnnie2 collected €0.10 from pot
cAllAnnie2: doesn't show hand 
*** SUMMARY ***
Total pot €0.10 | Rake €0 
Seat 1: JPAX777 (button) folded before Flop (didn't bet)
Seat 2: peterpunkkkk (small blind) folded before Flop
Seat 3: cAllAnnie2 (big blind) collected (€0.10)
Seat 4: pipinoelbreve9 folded before Flop (didn't bet)
Seat 5: Macku320 folded before Flop (didn't bet)
Seat 6: duarte253 folded before Flop (didn't bet)



PokerStars Zoom Hand #258206333623:  Hold'em No Limit (€0.05/€0.10) - 2025/10/21 11:03:38 CET [2025/10/21 5:03:38 ET]
Table 'Caph' 6-max Seat #1 is the button
Seat 1: Bavaria866 (€11.61 in chips) 
Seat 2: Ruben_osm (€10.28 in chips) 
Seat 3: NAlexandru22 (€7.53 in chips) 
Seat 4: Macku320 (€10 in chips) 
Seat 5: pipinoelbreve9 (€11.08 in chips) 
Seat 6: samvalueee (€6.43 in chips) 
Ruben_osm: posts small blind €0.05
NAlexandru22: posts big blind €0.10
*** HOLE CARDS ***
Dealt to pipinoelbreve9 [5d 9c]
Macku320: folds 
pipinoelbreve9: folds 
samvalueee: raises €0.20 to €0.30
Bavaria866: folds 
Ruben_osm: calls €0.25
NAlexandru22: folds 
*** FLOP *** [6c As 3s]
Ruben_osm: checks 
samvalueee: bets €0.23
Ruben_osm: raises €0.37 to €0.60
samvalueee: calls €0.37
*** TURN *** [6c As 3s] [5s]
Ruben_osm: bets €0.70
samvalueee: calls €0.70
*** RIVER *** [6c As 3s 5s] [4h]
Ruben_osm: bets €1.50
samvalueee: raises €3.33 to €4.83 and is all-in
Ruben_osm: calls €3.33
*** SHOW DOWN ***
samvalueee: shows [Ad 2d] (a straight, Deuce to Six)
Ruben_osm: shows [7d 4d] (a straight, Three to Seven)
Ruben_osm collected €12.31 from pot
*** SUMMARY ***
Total pot €12.96 | Rake €0.65 
Board [6c As 3s 5s 4h]
Seat 1: Bavaria866 (button) folded before Flop (didn't bet)
Seat 2: Ruben_osm (small blind) showed [7d 4d] and won (€12.31) with a straight, Three to Seven
Seat 3: NAlexandru22 (big blind) folded before Flop
Seat 4: Macku320 folded before Flop (didn't bet)
Seat 5: pipinoelbreve9 folded before Flop (didn't bet)
Seat 6: samvalueee showed [Ad 2d] and lost with a straight, Deuce to Six



PokerStars Zoom Hand #258206334272:  Hold'em No Limit (€0.05/€0.10) - 2025/10/21 11:03:47 CET [2025/10/21 5:03:47 ET]
Table 'Caph' 6-max Seat #1 is the button
Seat 1: cAllAnnie2 (€10 in chips) 
Seat 2: 50_no_Jutsu (€23.70 in chips) 
Seat 3: etimo199 (€9.11 in chips) 
Seat 4: ArchiBolding (€10.56 in chips) 
Seat 5: rsstatus (€14.58 in chips) 
Seat 6: pipinoelbreve9 (€11.08 in chips) 
50_no_Jutsu: posts small blind €0.05
etimo199: posts big blind €0.10
*** HOLE CARDS ***
Dealt to pipinoelbreve9 [4d 8c]
ArchiBolding: raises €0.15 to €0.25
rsstatus: folds 
pipinoelbreve9: folds 
cAllAnnie2: folds 
50_no_Jutsu: folds 
etimo199: calls €0.15
*** FLOP *** [3s 2h 2c]
etimo199: checks 
ArchiBolding: bets €0.17
etimo199: calls €0.17
*** TURN *** [3s 2h 2c] [Ts]
etimo199: checks 
ArchiBolding: bets €0.56
etimo199: folds 
Uncalled bet (€0.56) returned to ArchiBolding
ArchiBolding collected €0.85 from pot
ArchiBolding: doesn't show hand 
*** SUMMARY ***
Total pot €0.89 | Rake €0.04 
Board [3s 2h 2c Ts]
Seat 1: cAllAnnie2 (button) folded before Flop (didn't bet)
Seat 2: 50_no_Jutsu (small blind) folded before Flop
Seat 3: etimo199 (big blind) folded on the Turn
Seat 4: ArchiBolding collected (€0.85)
Seat 5: rsstatus folded before Flop (didn't bet)
Seat 6: pipinoelbreve9 folded before Flop (didn't bet)



PokerStars Zoom Hand #258206332473:  Hold'em No Limit (€0.05/€0.10) - 2025/10/21 11:03:23 CET [2025/10/21 5:03:23 ET]
Table 'Caph' 6-max Seat #1 is the button
Seat 1: Bavaria866 (€14.38 in chips) 
Seat 2: MagicVodka08 (€10 in chips) 
Seat 3: JPAX777 (€10 in chips) 
Seat 4: peterpunkkkk (€10 in chips) 
Seat 5: pipinoelbreve9 (€11.18 in chips) 
Seat 6: JimyCarter90 (€4.05 in chips) 
MagicVodka08: posts small blind €0.05
JPAX777: posts big blind €0.10
*** HOLE CARDS ***
Dealt to pipinoelbreve9 [2c 4c]
peterpunkkkk: raises €0.15 to €0.25
pipinoelbreve9: folds 
JimyCarter90: calls €0.25
Bavaria866: calls €0.25
MagicVodka08: calls €0.20
JPAX777: folds 
*** FLOP *** [5h Th 2d]
MagicVodka08: bets €0.32
peterpunkkkk: folds 
JimyCarter90: calls €0.32
Bavaria866: folds 
*** TURN *** [5h Th 2d] [9d]
MagicVodka08: bets €0.55
JimyCarter90: calls €0.55
*** RIVER *** [5h Th 2d 9d] [8h]
MagicVodka08: bets €0.68
JimyCarter90: raises €2.25 to €2.93 and is all-in
MagicVodka08: folds 
Uncalled bet (€2.25) returned to JimyCarter90
JimyCarter90 collected €3.99 from pot
JimyCarter90: doesn't show hand 
*** SUMMARY ***
Total pot €4.20 | Rake €0.21 
Board [5h Th 2d 9d 8h]
Seat 1: Bavaria866 (button) folded on the Flop
Seat 2: MagicVodka08 (small blind) folded on the River
Seat 3: JPAX777 (big blind) folded before Flop
Seat 4: peterpunkkkk folded on the Flop
Seat 5: pipinoelbreve9 folded before Flop (didn't bet)
Seat 6: JimyCarter90 collected (€3.99)



PokerStars Zoom Hand #258206337894:  Hold'em No Limit (€0.05/€0.10) - 2025/10/21 11:04:33 CET [2025/10/21 5:04:33 ET]
Table 'Caph' 6-max Seat #1 is the button
Seat 1: Macku320 (€10.66 in chips) 
Seat 2: pipinoelbreve9 (€10.93 in chips) 
Seat 3: lagasalahaga (€17.75 in chips) 
Seat 4: 2Jm2 (€13.61 in chips) 
Seat 5: duarte253 (€14.96 in chips) 
Seat 6: Ruben_osm (€16.16 in chips) 
pipinoelbreve9: posts small blind €0.05
lagasalahaga: posts big blind €0.10
*** HOLE CARDS ***
Dealt to pipinoelbreve9 [Tc 5c]
2Jm2: folds 
duarte253: folds 
Ruben_osm: folds 
Macku320: folds 
pipinoelbreve9: folds 
Uncalled bet (€0.05) returned to lagasalahaga
lagasalahaga collected €0.10 from pot
lagasalahaga: doesn't show hand 
*** SUMMARY ***
Total pot €0.10 | Rake €0 
Seat 1: Macku320 (button) folded before Flop (didn't bet)
Seat 2: pipinoelbreve9 (small blind) folded before Flop
Seat 3: lagasalahaga (big blind) collected (€0.10)
Seat 4: 2Jm2 folded before Flop (didn't bet)
Seat 5: duarte253 folded before Flop (didn't bet)
Seat 6: Ruben_osm folded before Flop (didn't bet)



PokerStars Zoom Hand #258206338153:  Hold'em No Limit (€0.05/€0.10) - 2025/10/21 11:04:37 CET [2025/10/21 5:04:37 ET]
Table 'Caph' 6-max Seat #1 is the button
Seat 1: pipinoelbreve9 (€10.88 in chips) 
Seat 2: ArchiBolding (€10.99 in chips) 
Seat 3: Macku320 (€10.66 in chips) 
Seat 4: JimyCarter90 (€6.24 in chips) 
Seat 5: AlexLosada (€9.95 in chips) 
Seat 6: Lomsan (€11.93 in chips) 
ArchiBolding: posts small blind €0.05
Macku320: posts big blind €0.10
*** HOLE CARDS ***
Dealt to pipinoelbreve9 [Jd 9c]
JimyCarter90: raises €0.25 to €0.35
AlexLosada: folds 
Lomsan: folds 
pipinoelbreve9: folds 
ArchiBolding: folds 
Macku320: folds 
Uncalled bet (€0.25) returned to JimyCarter90
JimyCarter90 collected €0.25 from pot
JimyCarter90: doesn't show hand 
*** SUMMARY ***
Total pot €0.25 | Rake €0 
Seat 1: pipinoelbreve9 (button) folded before Flop (didn't bet)
Seat 2: ArchiBolding (small blind) folded before Flop
Seat 3: Macku320 (big blind) folded before Flop
Seat 4: JimyCarter90 collected (€0.25)
Seat 5: AlexLosada folded before Flop (didn't bet)
Seat 6: Lomsan folded before Flop (didn't bet)



PokerStars Zoom Hand #258206337407:  Hold'em No Limit (€0.05/€0.10) - 2025/10/21 11:04:27 CET [2025/10/21 5:04:27 ET]
Table 'Caph' 6-max Seat #1 is the button
Seat 1: 2Jm2 (€21.59 in chips) 
Seat 2: piethok (€8.05 in chips) 
Seat 3: MagicVodka08 (€19.47 in chips) 
Seat 4: Macku320 (€10.66 in chips) 
Seat 5: peterpunkkkk (€10 in chips) 
Seat 6: pipinoelbreve9 (€10.93 in chips) 
piethok: posts small blind €0.05
MagicVodka08: posts big blind €0.10
*** HOLE CARDS ***
Dealt to pipinoelbreve9 [9h Kd]
Macku320: folds 
peterpunkkkk: raises €0.15 to €0.25
pipinoelbreve9: folds 
2Jm2: folds 
piethok: folds 
MagicVodka08: folds 
Uncalled bet (€0.15) returned to peterpunkkkk
peterpunkkkk collected €0.25 from pot
peterpunkkkk: doesn't show hand 
*** SUMMARY ***
Total pot €0.25 | Rake €0 
Seat 1: 2Jm2 (button) folded before Flop (didn't bet)
Seat 2: piethok (small blind) folded before Flop
Seat 3: MagicVodka08 (big blind) folded before Flop
Seat 4: Macku320 folded before Flop (didn't bet)
Seat 5: peterpunkkkk collected (€0.25)
Seat 6: pipinoelbreve9 folded before Flop (didn't bet)



PokerStars Zoom Hand #258206338857:  Hold'em No Limit (€0.05/€0.10) - 2025/10/21 11:04:45 CET [2025/10/21 5:04:45 ET]
Table 'Caph' 6-max Seat #1 is the button
Seat 1: denociña (€10.75 in chips) 
Seat 2: lagasalahaga (€17.80 in chips) 
Seat 3: Ikeeraldaii (€16.63 in chips) 
Seat 4: pipinoelbreve9 (€10.88 in chips) 
Seat 5: ArchiBolding (€10.94 in chips) 
Seat 6: Ruben_osm (€16.16 in chips) 
lagasalahaga: posts small blind €0.05
Ikeeraldaii: posts big blind €0.10
*** HOLE CARDS ***
Dealt to pipinoelbreve9 [3c 3s]
pipinoelbreve9: raises €0.20 to €0.30
ArchiBolding: folds 
Ruben_osm: folds 
denociña: folds 
lagasalahaga: folds 
Ikeeraldaii: folds 
Uncalled bet (€0.20) returned to pipinoelbreve9
pipinoelbreve9 collected €0.25 from pot
pipinoelbreve9: doesn't show hand 
*** SUMMARY ***
Total pot €0.25 | Rake €0 
Seat 1: denociña (button) folded before Flop (didn't bet)
Seat 2: lagasalahaga (small blind) folded before Flop
Seat 3: Ikeeraldaii (big blind) folded before Flop
Seat 4: pipinoelbreve9 collected (€0.25)
Seat 5: ArchiBolding folded before Flop (didn't bet)
Seat 6: Ruben_osm folded before Flop (didn't bet)



