PokerStars Zoom Hand #258436704025:  Hold'em No Limit (€0.05/€0.10) - 2025/11/08 20:41:52 CET [2025/11/08 14:41:52 ET]
Table 'Caph' 6-max Seat #1 is the button
Seat 1: Enriqueta1977 (€9.75 in chips) 
Seat 2: chapico (€30.38 in chips) 
Seat 3: pipinoelbreve9 (€10 in chips) 
Seat 4: Have2LeaveSpace (€13.31 in chips) 
Seat 5: piolina00 (€2.80 in chips) 
Seat 6: riomagico (€5.47 in chips) 
chapico: posts small blind €0.05
pipinoelbreve9: posts big blind €0.10
*** HOLE CARDS ***
Dealt to pipinoelbreve9 [6c 4d]
Have2LeaveSpace: folds 
piolina00: calls €0.10
riomagico: folds 
Enriqueta1977: folds 
chapico: folds 
pipinoelbreve9: checks 
*** FLOP *** [Ah Qd Jh]
pipinoelbreve9: checks 
piolina00: bets €0.10
pipinoelbreve9: folds 
Uncalled bet (€0.10) returned to piolina00
piolina00 collected €0.24 from pot
piolina00: doesn't show hand 
*** SUMMARY ***
Total pot €0.25 | Rake €0.01 
Board [Ah Qd Jh]
Seat 1: Enriqueta1977 (button) folded before Flop (didn't bet)
Seat 2: chapico (small blind) folded before Flop
Seat 3: pipinoelbreve9 (big blind) folded on the Flop
Seat 4: Have2LeaveSpace folded before Flop (didn't bet)
Seat 5: piolina00 collected (€0.24)
Seat 6: riomagico folded before Flop (didn't bet)



PokerStars Zoom Hand #258436713920:  Hold'em No Limit (€0.05/€0.10) - 2025/11/08 20:42:34 CET [2025/11/08 14:42:34 ET]
Table 'Caph' 6-max Seat #1 is the button
Seat 1: pipinoelbreve9 (€10 in chips) 
Seat 2: Have2LeaveSpace (€20.72 in chips) 
Seat 3: seb51 (€10.56 in chips) 
Seat 4: JAM.FCM (€8.10 in chips) 
Seat 5: riomagico (€5.37 in chips) 
Seat 6: mapetit02 (€16.38 in chips) 
Have2LeaveSpace: posts small blind €0.05
seb51: posts big blind €0.10
*** HOLE CARDS ***
Dealt to pipinoelbreve9 [Qd 4d]
JAM.FCM: calls €0.10
riomagico: folds 
mapetit02: folds 
pipinoelbreve9: folds 
Have2LeaveSpace: folds 
seb51: checks 
*** FLOP *** [Th Ks As]
seb51: checks 
JAM.FCM: bets €0.24
seb51: folds 
Uncalled bet (€0.24) returned to JAM.FCM
JAM.FCM collected €0.24 from pot
JAM.FCM: doesn't show hand 
*** SUMMARY ***
Total pot €0.25 | Rake €0.01 
Board [Th Ks As]
Seat 1: pipinoelbreve9 (button) folded before Flop (didn't bet)
Seat 2: Have2LeaveSpace (small blind) folded before Flop
Seat 3: seb51 (big blind) folded on the Flop
Seat 4: JAM.FCM collected (€0.24)
Seat 5: riomagico folded before Flop (didn't bet)
Seat 6: mapetit02 folded before Flop (didn't bet)



PokerStars Zoom Hand #258436710563:  Hold'em No Limit (€0.05/€0.10) - 2025/11/08 20:42:20 CET [2025/11/08 14:42:20 ET]
Table 'Caph' 6-max Seat #1 is the button
Seat 1: Isoleitor (€14.63 in chips) 
Seat 2: pipinoelbreve9 (€10 in chips) 
Seat 3: riomagico (€5 in chips) 
Seat 4: Enriqueta1977 (€10.13 in chips) 
Seat 5: DeJota101 (€11.13 in chips) 
Seat 6: Iggnatius (€17.73 in chips) 
pipinoelbreve9: posts small blind €0.05
riomagico: posts big blind €0.10
*** HOLE CARDS ***
Dealt to pipinoelbreve9 [Qh 3h]
Enriqueta1977: raises €0.10 to €0.20
DeJota101: folds 
Iggnatius: folds 
Isoleitor: calls €0.20
pipinoelbreve9: folds 
riomagico: calls €0.10
*** FLOP *** [3c Jd Kc]
riomagico: checks 
Enriqueta1977: checks 
Isoleitor: checks 
*** TURN *** [3c Jd Kc] [7s]
riomagico: bets €0.78
Enriqueta1977: folds 
Isoleitor: folds 
Uncalled bet (€0.78) returned to riomagico
riomagico collected €0.62 from pot
riomagico: doesn't show hand 
*** SUMMARY ***
Total pot €0.65 | Rake €0.03 
Board [3c Jd Kc 7s]
Seat 1: Isoleitor (button) folded on the Turn
Seat 2: pipinoelbreve9 (small blind) folded before Flop
Seat 3: riomagico (big blind) collected (€0.62)
Seat 4: Enriqueta1977 folded on the Turn
Seat 5: DeJota101 folded before Flop (didn't bet)
Seat 6: Iggnatius folded before Flop (didn't bet)



PokerStars Zoom Hand #258436715865:  Hold'em No Limit (€0.05/€0.10) - 2025/11/08 20:42:43 CET [2025/11/08 14:42:43 ET]
Table 'Caph' 6-max Seat #1 is the button
Seat 1: inchill (€13.66 in chips) 
Seat 2: Iggnatius (€17.63 in chips) 
Seat 3: xutataka (€9.95 in chips) 
Seat 4: Gillo6 (€9.04 in chips) 
Seat 5: réflexion (€4.05 in chips) 
Seat 6: pipinoelbreve9 (€10 in chips) 
Iggnatius: posts small blind €0.05
xutataka: posts big blind €0.10
*** HOLE CARDS ***
Dealt to pipinoelbreve9 [Ad 3d]
Gillo6: raises €0.10 to €0.20
réflexion: folds 
pipinoelbreve9: raises €0.70 to €0.90
inchill: folds 
Iggnatius: calls €0.85
xutataka: folds 
Gillo6: folds 
*** FLOP *** [6d Kd 9d]
Iggnatius: checks 
pipinoelbreve9: bets €0.40
Iggnatius: calls €0.40
*** TURN *** [6d Kd 9d] [Jd]
Iggnatius: checks 
pipinoelbreve9: bets €2.12
Iggnatius: folds 
Uncalled bet (€2.12) returned to pipinoelbreve9
pipinoelbreve9 collected €2.76 from pot
pipinoelbreve9: doesn't show hand 
*** SUMMARY ***
Total pot €2.90 | Rake €0.14 
Board [6d Kd 9d Jd]
Seat 1: inchill (button) folded before Flop (didn't bet)
Seat 2: Iggnatius (small blind) folded on the Turn
Seat 3: xutataka (big blind) folded before Flop
Seat 4: Gillo6 folded before Flop
Seat 5: réflexion folded before Flop (didn't bet)
Seat 6: pipinoelbreve9 collected (€2.76)



PokerStars Zoom Hand #258436731379:  Hold'em No Limit (€0.05/€0.10) - 2025/11/08 20:43:49 CET [2025/11/08 14:43:49 ET]
Table 'Caph' 6-max Seat #1 is the button
Seat 1: MORENODCADI (€12.60 in chips) 
Seat 2: papadosha69 (€2.08 in chips) 
Seat 3: Gillo6 (€9.02 in chips) 
Seat 4: xutataka (€9.85 in chips) 
Seat 5: pipinoelbreve9 (€11.46 in chips) 
Seat 6: marc4682 (€5.71 in chips) 
papadosha69: posts small blind €0.05
Gillo6: posts big blind €0.10
*** HOLE CARDS ***
Dealt to pipinoelbreve9 [7s 9d]
xutataka: folds 
pipinoelbreve9: folds 
marc4682: raises €0.10 to €0.20
MORENODCADI: raises €0.75 to €0.95
papadosha69: folds 
Gillo6: folds 
marc4682: calls €0.75
*** FLOP *** [3s Tc 6c]
marc4682: bets €4.76 and is all-in
MORENODCADI: folds 
Uncalled bet (€4.76) returned to marc4682
marc4682 collected €1.95 from pot
marc4682: doesn't show hand 
*** SUMMARY ***
Total pot €2.05 | Rake €0.10 
Board [3s Tc 6c]
Seat 1: MORENODCADI (button) folded on the Flop
Seat 2: papadosha69 (small blind) folded before Flop
Seat 3: Gillo6 (big blind) folded before Flop
Seat 4: xutataka folded before Flop (didn't bet)
Seat 5: pipinoelbreve9 folded before Flop (didn't bet)
Seat 6: marc4682 collected (€1.95)



PokerStars Zoom Hand #258436733430:  Hold'em No Limit (€0.05/€0.10) - 2025/11/08 20:43:57 CET [2025/11/08 14:43:57 ET]
Table 'Caph' 6-max Seat #1 is the button
Seat 1: Have2LeaveSpace (€13.49 in chips) 
Seat 2: markargibay (€9.90 in chips) 
Seat 3: pipinoelbreve9 (€11.46 in chips) 
Seat 4: SuperPiña2 (€10.68 in chips) 
Seat 5: unbalancedman (€16.98 in chips) 
Seat 6: D0nAnKs (€40.28 in chips) 
markargibay: posts small blind €0.05
pipinoelbreve9: posts big blind €0.10
*** HOLE CARDS ***
Dealt to pipinoelbreve9 [Ks 4s]
SuperPiña2: folds 
unbalancedman: folds 
D0nAnKs: folds 
Have2LeaveSpace: raises €0.15 to €0.25
markargibay: raises €0.75 to €1
pipinoelbreve9: folds 
Have2LeaveSpace: folds 
Uncalled bet (€0.75) returned to markargibay
markargibay collected €0.60 from pot
markargibay: doesn't show hand 
*** SUMMARY ***
Total pot €0.60 | Rake €0 
Seat 1: Have2LeaveSpace (button) folded before Flop
Seat 2: markargibay (small blind) collected (€0.60)
Seat 3: pipinoelbreve9 (big blind) folded before Flop
Seat 4: SuperPiña2 folded before Flop (didn't bet)
Seat 5: unbalancedman folded before Flop (didn't bet)
Seat 6: D0nAnKs folded before Flop (didn't bet)



PokerStars Zoom Hand #258436732616:  Hold'em No Limit (€0.05/€0.10) - 2025/11/08 20:43:54 CET [2025/11/08 14:43:54 ET]
Table 'Caph' 6-max Seat #1 is the button
Seat 1: JM4422 (€4.67 in chips) 
Seat 2: bacanhim75 (€7.15 in chips) 
Seat 3: MM_Jose_09 (€14.43 in chips) 
Seat 4: pipinoelbreve9 (€11.46 in chips) 
Seat 5: neanderthal3 (€3.33 in chips) 
Seat 6: papadosha69 (€2.03 in chips) 
bacanhim75: posts small blind €0.05
MM_Jose_09: posts big blind €0.10
*** HOLE CARDS ***
Dealt to pipinoelbreve9 [8c 5c]
pipinoelbreve9: folds 
neanderthal3: raises €0.20 to €0.30
papadosha69: folds 
JM4422: calls €0.30
bacanhim75: calls €0.25
MM_Jose_09: calls €0.20
*** FLOP *** [Qs 2h 3c]
bacanhim75: checks 
MM_Jose_09: checks 
neanderthal3: checks 
JM4422: checks 
*** TURN *** [Qs 2h 3c] [9d]
bacanhim75: checks 
MM_Jose_09: checks 
neanderthal3: checks 
JM4422: checks 
*** RIVER *** [Qs 2h 3c 9d] [Ks]
bacanhim75: checks 
MM_Jose_09: checks 
neanderthal3: checks 
JM4422: checks 
*** SHOW DOWN ***
bacanhim75: shows [6c 6s] (a pair of Sixes)
MM_Jose_09: mucks hand 
neanderthal3: shows [Ad Kd] (a pair of Kings)
JM4422: mucks hand 
neanderthal3 collected €1.14 from pot
*** SUMMARY ***
Total pot €1.20 | Rake €0.06 
Board [Qs 2h 3c 9d Ks]
Seat 1: JM4422 (button) mucked [6h 7h]
Seat 2: bacanhim75 (small blind) showed [6c 6s] and lost with a pair of Sixes
Seat 3: MM_Jose_09 (big blind) mucked [7s 8d]
Seat 4: pipinoelbreve9 folded before Flop (didn't bet)
Seat 5: neanderthal3 showed [Ad Kd] and won (€1.14) with a pair of Kings
Seat 6: papadosha69 folded before Flop (didn't bet)



PokerStars Zoom Hand #258436740126:  Hold'em No Limit (€0.05/€0.10) - 2025/11/08 20:44:26 CET [2025/11/08 14:44:26 ET]
Table 'Caph' 6-max Seat #1 is the button
Seat 1: unbalancedman (€17.03 in chips) 
Seat 2: pipinoelbreve9 (€11.36 in chips) 
Seat 3: JAM.FCM (€8.98 in chips) 
Seat 4: papadosha69 (€1.93 in chips) 
Seat 5: Enriqueta1977 (€9.78 in chips) 
Seat 6: Isoleitor (€9.89 in chips) 
pipinoelbreve9: posts small blind €0.05
JAM.FCM: posts big blind €0.10
*** HOLE CARDS ***
Dealt to pipinoelbreve9 [3h 2c]
papadosha69: folds 
Isoleitor is disconnected 
Enriqueta1977: folds 
Isoleitor has timed out while disconnected
Isoleitor: folds 
unbalancedman: folds 
pipinoelbreve9: folds 
Uncalled bet (€0.05) returned to JAM.FCM
JAM.FCM collected €0.10 from pot
JAM.FCM: doesn't show hand 
*** SUMMARY ***
Total pot €0.10 | Rake €0 
Seat 1: unbalancedman (button) folded before Flop (didn't bet)
Seat 2: pipinoelbreve9 (small blind) folded before Flop
Seat 3: JAM.FCM (big blind) collected (€0.10)
Seat 4: papadosha69 folded before Flop (didn't bet)
Seat 5: Enriqueta1977 folded before Flop (didn't bet)
Seat 6: Isoleitor folded before Flop (didn't bet)



PokerStars Zoom Hand #258436743611:  Hold'em No Limit (€0.05/€0.10) - 2025/11/08 20:44:41 CET [2025/11/08 14:44:41 ET]
Table 'Caph' 6-max Seat #1 is the button
Seat 1: pipinoelbreve9 (€11.31 in chips) 
Seat 2: Have2LeaveSpace (€10.12 in chips) 
Seat 3: seb51 (€10.36 in chips) 
Seat 4: xutataka (€9.65 in chips) 
Seat 5: neanderthal3 (€4.29 in chips) 
Seat 6: Desmd72 (€14.31 in chips) 
Have2LeaveSpace: posts small blind €0.05
seb51: posts big blind €0.10
*** HOLE CARDS ***
Dealt to pipinoelbreve9 [Ks 9d]
xutataka: folds 
neanderthal3: folds 
Desmd72: folds 
pipinoelbreve9: raises €0.15 to €0.25
Have2LeaveSpace: folds 
seb51: folds 
Uncalled bet (€0.15) returned to pipinoelbreve9
pipinoelbreve9 collected €0.25 from pot
pipinoelbreve9: doesn't show hand 
*** SUMMARY ***
Total pot €0.25 | Rake €0 
Seat 1: pipinoelbreve9 (button) collected (€0.25)
Seat 2: Have2LeaveSpace (small blind) folded before Flop
Seat 3: seb51 (big blind) folded before Flop
Seat 4: xutataka folded before Flop (didn't bet)
Seat 5: neanderthal3 folded before Flop (didn't bet)
Seat 6: Desmd72 folded before Flop (didn't bet)



PokerStars Zoom Hand #258436742128:  Hold'em No Limit (€0.05/€0.10) - 2025/11/08 20:44:35 CET [2025/11/08 14:44:35 ET]
Table 'Caph' 6-max Seat #1 is the button
Seat 1: IlAbruzzi (€14.49 in chips) 
Seat 2: Ius-Money (€10.31 in chips) 
Seat 3: fran198769 (€16.37 in chips) 
Seat 4: Horion kez (€22.31 in chips) 
Seat 5: D0nAnKs (€40.38 in chips) 
Seat 6: pipinoelbreve9 (€11.31 in chips) 
Ius-Money: posts small blind €0.05
fran198769: posts big blind €0.10
*** HOLE CARDS ***
Dealt to pipinoelbreve9 [9s 6d]
Horion kez: calls €0.10
D0nAnKs: folds 
pipinoelbreve9: folds 
IlAbruzzi: folds 
Ius-Money: folds 
fran198769: checks 
*** FLOP *** [2c Js 2h]
fran198769: checks 
Horion kez: checks 
*** TURN *** [2c Js 2h] [9d]
fran198769: checks 
Horion kez: checks 
*** RIVER *** [2c Js 2h 9d] [Kh]
fran198769: bets €0.10
Horion kez: calls €0.10
*** SHOW DOWN ***
fran198769: shows [Kd 3s] (two pair, Kings and Deuces)
Horion kez: mucks hand 
fran198769 collected €0.43 from pot
*** SUMMARY ***
Total pot €0.45 | Rake €0.02 
Board [2c Js 2h 9d Kh]
Seat 1: IlAbruzzi (button) folded before Flop (didn't bet)
Seat 2: Ius-Money (small blind) folded before Flop
Seat 3: fran198769 (big blind) showed [Kd 3s] and won (€0.43) with two pair, Kings and Deuces
Seat 4: Horion kez mucked [Ad Qh]
Seat 5: D0nAnKs folded before Flop (didn't bet)
Seat 6: pipinoelbreve9 folded before Flop (didn't bet)



PokerStars Zoom Hand #258436749967:  Hold'em No Limit (€0.05/€0.10) - 2025/11/08 20:45:08 CET [2025/11/08 14:45:08 ET]
Table 'Caph' 6-max Seat #1 is the button
Seat 1: markargibay (€10.52 in chips) 
Seat 2: neanderthal3 (€4.07 in chips) 
Seat 3: minisusy (€17.96 in chips) 
Seat 4: unbalancedman (€13.63 in chips) 
Seat 5: pipinoelbreve9 (€11.46 in chips) 
Seat 6: réflexion (€4.40 in chips) 
neanderthal3: posts small blind €0.05
minisusy: posts big blind €0.10
*** HOLE CARDS ***
Dealt to pipinoelbreve9 [3d 3h]
unbalancedman: folds 
pipinoelbreve9: raises €0.15 to €0.25
réflexion: folds 
markargibay: folds 
neanderthal3: folds 
minisusy: folds 
Uncalled bet (€0.15) returned to pipinoelbreve9
pipinoelbreve9 collected €0.25 from pot
pipinoelbreve9: doesn't show hand 
*** SUMMARY ***
Total pot €0.25 | Rake €0 
Seat 1: markargibay (button) folded before Flop (didn't bet)
Seat 2: neanderthal3 (small blind) folded before Flop
Seat 3: minisusy (big blind) folded before Flop
Seat 4: unbalancedman folded before Flop (didn't bet)
Seat 5: pipinoelbreve9 collected (€0.25)
Seat 6: réflexion folded before Flop (didn't bet)



PokerStars Zoom Hand #258436753443:  Hold'em No Limit (€0.05/€0.10) - 2025/11/08 20:45:23 CET [2025/11/08 14:45:23 ET]
Table 'Caph' 6-max Seat #1 is the button
Seat 1: neanderthal3 (€4.14 in chips) 
Seat 2: pipinoelbreve9 (€11.61 in chips) 
Seat 3: DeJota101 (€10.74 in chips) 
Seat 4: unbalancedman (€15.10 in chips) 
Seat 5: Enriqueta1977 (€10.40 in chips) 
Seat 6: FllanosB (€14.07 in chips) 
pipinoelbreve9: posts small blind €0.05
DeJota101: posts big blind €0.10
*** HOLE CARDS ***
Dealt to pipinoelbreve9 [3s As]
unbalancedman: folds 
Enriqueta1977: folds 
FllanosB: folds 
neanderthal3: folds 
pipinoelbreve9: raises €0.15 to €0.25
DeJota101: calls €0.15
*** FLOP *** [Kh 6d 8h]
pipinoelbreve9: bets €0.16
DeJota101: folds 
Uncalled bet (€0.16) returned to pipinoelbreve9
pipinoelbreve9 collected €0.48 from pot
pipinoelbreve9: doesn't show hand 
*** SUMMARY ***
Total pot €0.50 | Rake €0.02 
Board [Kh 6d 8h]
Seat 1: neanderthal3 (button) folded before Flop (didn't bet)
Seat 2: pipinoelbreve9 (small blind) collected (€0.48)
Seat 3: DeJota101 (big blind) folded on the Flop
Seat 4: unbalancedman folded before Flop (didn't bet)
Seat 5: Enriqueta1977 folded before Flop (didn't bet)
Seat 6: FllanosB folded before Flop (didn't bet)



PokerStars Zoom Hand #258436762898:  Hold'em No Limit (€0.05/€0.10) - 2025/11/08 20:46:03 CET [2025/11/08 14:46:03 ET]
Table 'Caph' 6-max Seat #1 is the button
Seat 1: Have2LeaveSpace (€12.79 in chips) 
Seat 2: riomagico (€7.70 in chips) 
Seat 3: pipinoelbreve9 (€11.84 in chips) 
Seat 4: Iggnatius (€15.20 in chips) 
Seat 5: Josskijano (€21.63 in chips) 
Seat 6: Nimed (€20.97 in chips) 
riomagico: posts small blind €0.05
pipinoelbreve9: posts big blind €0.10
*** HOLE CARDS ***
Dealt to pipinoelbreve9 [6d Jd]
Iggnatius: folds 
Josskijano: folds 
Nimed: folds 
Have2LeaveSpace: folds 
riomagico: folds 
Uncalled bet (€0.05) returned to pipinoelbreve9
pipinoelbreve9 collected €0.10 from pot
pipinoelbreve9: doesn't show hand 
*** SUMMARY ***
Total pot €0.10 | Rake €0 
Seat 1: Have2LeaveSpace (button) folded before Flop (didn't bet)
Seat 2: riomagico (small blind) folded before Flop
Seat 3: pipinoelbreve9 (big blind) collected (€0.10)
Seat 4: Iggnatius folded before Flop (didn't bet)
Seat 5: Josskijano folded before Flop (didn't bet)
Seat 6: Nimed folded before Flop (didn't bet)



PokerStars Zoom Hand #258436765538:  Hold'em No Limit (€0.05/€0.10) - 2025/11/08 20:46:15 CET [2025/11/08 14:46:15 ET]
Table 'Caph' 6-max Seat #1 is the button
Seat 1: Nimed (€20.97 in chips) 
Seat 2: DeJota101 (€10.49 in chips) 
Seat 3: neanderthal3 (€3.41 in chips) 
Seat 4: unbalancedman (€11.80 in chips) 
Seat 5: mapetit02 (€12.73 in chips) 
Seat 6: pipinoelbreve9 (€11.89 in chips) 
DeJota101: posts small blind €0.05
neanderthal3: posts big blind €0.10
*** HOLE CARDS ***
Dealt to pipinoelbreve9 [3h Kh]
unbalancedman: folds 
mapetit02: folds 
pipinoelbreve9: folds 
Nimed: raises €0.15 to €0.25
DeJota101: folds 
neanderthal3: folds 
Uncalled bet (€0.15) returned to Nimed
Nimed collected €0.25 from pot
Nimed: doesn't show hand 
*** SUMMARY ***
Total pot €0.25 | Rake €0 
Seat 1: Nimed (button) collected (€0.25)
Seat 2: DeJota101 (small blind) folded before Flop
Seat 3: neanderthal3 (big blind) folded before Flop
Seat 4: unbalancedman folded before Flop (didn't bet)
Seat 5: mapetit02 folded before Flop (didn't bet)
Seat 6: pipinoelbreve9 folded before Flop (didn't bet)



PokerStars Zoom Hand #258436767221:  Hold'em No Limit (€0.05/€0.10) - 2025/11/08 20:46:22 CET [2025/11/08 14:46:22 ET]
Table 'Caph' 6-max Seat #1 is the button
Seat 1: pipinoelbreve9 (€11.89 in chips) 
Seat 2: mapetit02 (€12.73 in chips) 
Seat 3: inchill (€10.32 in chips) 
Seat 4: Josskijano (€21.58 in chips) 
Seat 5: JAM.FCM (€7.26 in chips) 
Seat 6: markargibay (€10.67 in chips) 
mapetit02: posts small blind €0.05
inchill: posts big blind €0.10
*** HOLE CARDS ***
Dealt to pipinoelbreve9 [Kc Td]
Josskijano: folds 
JAM.FCM: folds 
markargibay: folds 
pipinoelbreve9: raises €0.15 to €0.25
mapetit02: raises €0.25 to €0.50
inchill: folds 
pipinoelbreve9: calls €0.25
*** FLOP *** [Th 3c Ad]
mapetit02: bets €0.40
pipinoelbreve9: calls €0.40
*** TURN *** [Th 3c Ad] [3h]
mapetit02: bets €0.40
pipinoelbreve9: calls €0.40
*** RIVER *** [Th 3c Ad 3h] [Jh]
mapetit02: bets €2.56
pipinoelbreve9: folds 
Uncalled bet (€2.56) returned to mapetit02
mapetit02 collected €2.56 from pot
mapetit02: doesn't show hand 
*** SUMMARY ***
Total pot €2.70 | Rake €0.14 
Board [Th 3c Ad 3h Jh]
Seat 1: pipinoelbreve9 (button) folded on the River
Seat 2: mapetit02 (small blind) collected (€2.56)
Seat 3: inchill (big blind) folded before Flop
Seat 4: Josskijano folded before Flop (didn't bet)
Seat 5: JAM.FCM folded before Flop (didn't bet)
Seat 6: markargibay folded before Flop (didn't bet)



PokerStars Zoom Hand #258436776873:  Hold'em No Limit (€0.05/€0.10) - 2025/11/08 20:47:03 CET [2025/11/08 14:47:03 ET]
Table 'Caph' 6-max Seat #1 is the button
Seat 1: Josskijano (€21.48 in chips) 
Seat 2: SuperPiña2 (€10 in chips) 
Seat 3: pegnis (€6.57 in chips) 
Seat 4: Iggnatius (€16.10 in chips) 
Seat 5: pipinoelbreve9 (€10.59 in chips) 
Seat 6: Have2LeaveSpace (€10.30 in chips) 
SuperPiña2: posts small blind €0.05
pegnis: posts big blind €0.10
*** HOLE CARDS ***
Dealt to pipinoelbreve9 [Qs Qd]
Iggnatius: folds 
pipinoelbreve9: raises €0.15 to €0.25
Have2LeaveSpace: folds 
Josskijano: calls €0.25
SuperPiña2: folds 
pegnis: calls €0.15
*** FLOP *** [2h 9d Ah]
pegnis: checks 
pipinoelbreve9: checks 
Josskijano: bets €0.28
pegnis: folds 
pipinoelbreve9: calls €0.28
*** TURN *** [2h 9d Ah] [6s]
pipinoelbreve9: checks 
Josskijano: bets €0.70
pipinoelbreve9: calls €0.70
*** RIVER *** [2h 9d Ah 6s] [5d]
pipinoelbreve9: checks 
Josskijano: bets €1.31
pipinoelbreve9: calls €1.31
*** SHOW DOWN ***
Josskijano: shows [Kh Ac] (a pair of Aces)
pipinoelbreve9: mucks hand 
Josskijano collected €5.11 from pot
*** SUMMARY ***
Total pot €5.38 | Rake €0.27 
Board [2h 9d Ah 6s 5d]
Seat 1: Josskijano (button) showed [Kh Ac] and won (€5.11) with a pair of Aces
Seat 2: SuperPiña2 (small blind) folded before Flop
Seat 3: pegnis (big blind) folded on the Flop
Seat 4: Iggnatius folded before Flop (didn't bet)
Seat 5: pipinoelbreve9 mucked [Qs Qd]
Seat 6: Have2LeaveSpace folded before Flop (didn't bet)



PokerStars Zoom Hand #258436793597:  Hold'em No Limit (€0.05/€0.10) - 2025/11/08 20:48:15 CET [2025/11/08 14:48:15 ET]
Table 'Caph' 6-max Seat #1 is the button
Seat 1: FllanosB (€15.19 in chips) 
Seat 2: Iggnatius (€15 in chips) 
Seat 3: riomagico (€7.47 in chips) 
Seat 4: pipinoelbreve9 (€10 in chips) 
Seat 5: seb51 (€11.66 in chips) 
Seat 6: pegnis (€6.27 in chips) 
Iggnatius: posts small blind €0.05
riomagico: posts big blind €0.10
*** HOLE CARDS ***
Dealt to pipinoelbreve9 [2d 8d]
pipinoelbreve9: folds 
seb51: folds 
pegnis: folds 
FllanosB: raises €0.10 to €0.20
Iggnatius: folds 
riomagico: folds 
Uncalled bet (€0.10) returned to FllanosB
FllanosB collected €0.25 from pot
FllanosB: doesn't show hand 
*** SUMMARY ***
Total pot €0.25 | Rake €0 
Seat 1: FllanosB (button) collected (€0.25)
Seat 2: Iggnatius (small blind) folded before Flop
Seat 3: riomagico (big blind) folded before Flop
Seat 4: pipinoelbreve9 folded before Flop (didn't bet)
Seat 5: seb51 folded before Flop (didn't bet)
Seat 6: pegnis folded before Flop (didn't bet)



PokerStars Zoom Hand #258436794711:  Hold'em No Limit (€0.05/€0.10) - 2025/11/08 20:48:20 CET [2025/11/08 14:48:20 ET]
Table 'Caph' 6-max Seat #1 is the button
Seat 1: IlAbruzzi (€13.74 in chips) 
Seat 2: pipinoelbreve9 (€10 in chips) 
Seat 3: MM_Jose_09 (€14.21 in chips) 
Seat 4: AntiHestamine (€12.73 in chips) 
Seat 5: Iggnatius (€14.95 in chips) 
Seat 6: Isoleitor (€19.41 in chips) 
pipinoelbreve9: posts small blind €0.05
MM_Jose_09: posts big blind €0.10
*** HOLE CARDS ***
Dealt to pipinoelbreve9 [9c 9d]
AntiHestamine: folds 
Iggnatius: raises €0.15 to €0.25
Isoleitor: folds 
IlAbruzzi: calls €0.25
pipinoelbreve9: raises €0.95 to €1.20
MM_Jose_09: folds 
Iggnatius: folds 
IlAbruzzi: calls €0.95
*** FLOP *** [Td 5c 7c]
pipinoelbreve9: bets €0.86
IlAbruzzi: folds 
Uncalled bet (€0.86) returned to pipinoelbreve9
pipinoelbreve9 collected €2.61 from pot
pipinoelbreve9: doesn't show hand 
*** SUMMARY ***
Total pot €2.75 | Rake €0.14 
Board [Td 5c 7c]
Seat 1: IlAbruzzi (button) folded on the Flop
Seat 2: pipinoelbreve9 (small blind) collected (€2.61)
Seat 3: MM_Jose_09 (big blind) folded before Flop
Seat 4: AntiHestamine folded before Flop (didn't bet)
Seat 5: Iggnatius folded before Flop
Seat 6: Isoleitor folded before Flop (didn't bet)



PokerStars Zoom Hand #258436801823:  Hold'em No Limit (€0.05/€0.10) - 2025/11/08 20:48:51 CET [2025/11/08 14:48:51 ET]
Table 'Caph' 6-max Seat #1 is the button
Seat 1: seb51 (€11.51 in chips) 
Seat 2: kevyncito (€22.67 in chips) 
Seat 3: pipinoelbreve9 (€11.41 in chips) 
Seat 4: MAVERICK298 (€26.04 in chips) 
Seat 5: Isoleitor (€19.41 in chips) 
Seat 6: RiCosta20 (€10 in chips) 
kevyncito: posts small blind €0.05
pipinoelbreve9: posts big blind €0.10
*** HOLE CARDS ***
Dealt to pipinoelbreve9 [Tc Ad]
MAVERICK298: folds 
Isoleitor: folds 
RiCosta20: raises €0.15 to €0.25
seb51: folds 
kevyncito: folds 
pipinoelbreve9: calls €0.15
*** FLOP *** [5h Ah Th]
pipinoelbreve9: checks 
RiCosta20: checks 
*** TURN *** [5h Ah Th] [3h]
pipinoelbreve9: bets €0.17
RiCosta20: folds 
Uncalled bet (€0.17) returned to pipinoelbreve9
pipinoelbreve9 collected €0.52 from pot
pipinoelbreve9: doesn't show hand 
*** SUMMARY ***
Total pot €0.55 | Rake €0.03 
Board [5h Ah Th 3h]
Seat 1: seb51 (button) folded before Flop (didn't bet)
Seat 2: kevyncito (small blind) folded before Flop
Seat 3: pipinoelbreve9 (big blind) collected (€0.52)
Seat 4: MAVERICK298 folded before Flop (didn't bet)
Seat 5: Isoleitor folded before Flop (didn't bet)
Seat 6: RiCosta20 folded on the Turn



PokerStars Zoom Hand #258436813053:  Hold'em No Limit (€0.05/€0.10) - 2025/11/08 20:49:39 CET [2025/11/08 14:49:39 ET]
Table 'Caph' 6-max Seat #1 is the button
Seat 1: pipinoelbreve9 (€11.68 in chips) 
Seat 2: Josky756 (€8.68 in chips) 
Seat 3: DeJota101 (€11.35 in chips) 
Seat 4: seb51 (€11.41 in chips) 
Seat 5: IlAbruzzi (€12.51 in chips) 
Seat 6: inchill (€10.17 in chips) 
Josky756: posts small blind €0.05
DeJota101: posts big blind €0.10
*** HOLE CARDS ***
Dealt to pipinoelbreve9 [Qs 5c]
seb51: folds 
IlAbruzzi: folds 
inchill: raises €0.15 to €0.25
pipinoelbreve9: folds 
Josky756: folds 
DeJota101: folds 
Uncalled bet (€0.15) returned to inchill
inchill collected €0.25 from pot
inchill: doesn't show hand 
*** SUMMARY ***
Total pot €0.25 | Rake €0 
Seat 1: pipinoelbreve9 (button) folded before Flop (didn't bet)
Seat 2: Josky756 (small blind) folded before Flop
Seat 3: DeJota101 (big blind) folded before Flop
Seat 4: seb51 folded before Flop (didn't bet)
Seat 5: IlAbruzzi folded before Flop (didn't bet)
Seat 6: inchill collected (€0.25)



PokerStars Zoom Hand #258436815188:  Hold'em No Limit (€0.05/€0.10) - 2025/11/08 20:49:48 CET [2025/11/08 14:49:48 ET]
Table 'Caph' 6-max Seat #1 is the button
Seat 1: Allestyle1 (€7.28 in chips) 
Seat 2: DiferentUser (€10.05 in chips) 
Seat 3: riomagico (€5 in chips) 
Seat 4: DeJota101 (€10.05 in chips) 
Seat 5: pipinoelbreve9 (€11.68 in chips) 
Seat 6: AntiHestamine (€12.13 in chips) 
DiferentUser: posts small blind €0.05
riomagico: posts big blind €0.10
*** HOLE CARDS ***
Dealt to pipinoelbreve9 [6h Tc]
DeJota101: folds 
pipinoelbreve9: folds 
AntiHestamine: folds 
Allestyle1: folds 
DiferentUser: folds 
Uncalled bet (€0.05) returned to riomagico
riomagico collected €0.10 from pot
riomagico: doesn't show hand 
*** SUMMARY ***
Total pot €0.10 | Rake €0 
Seat 1: Allestyle1 (button) folded before Flop (didn't bet)
Seat 2: DiferentUser (small blind) folded before Flop
Seat 3: riomagico (big blind) collected (€0.10)
Seat 4: DeJota101 folded before Flop (didn't bet)
Seat 5: pipinoelbreve9 folded before Flop (didn't bet)
Seat 6: AntiHestamine folded before Flop (didn't bet)



PokerStars Zoom Hand #258436811646:  Hold'em No Limit (€0.05/€0.10) - 2025/11/08 20:49:33 CET [2025/11/08 14:49:33 ET]
Table 'Caph' 6-max Seat #1 is the button
Seat 1: Iggnatius (€11.13 in chips) 
Seat 2: Piosete (€10 in chips) 
Seat 3: JAM.FCM (€5.97 in chips) 
Seat 4: pajarillo23 (€10.49 in chips) 
Seat 5: AntiHestamine (€10 in chips) 
Seat 6: pipinoelbreve9 (€11.68 in chips) 
Piosete: posts small blind €0.05
JAM.FCM: posts big blind €0.10
*** HOLE CARDS ***
Dealt to pipinoelbreve9 [3h 7s]
pajarillo23: folds 
AntiHestamine: raises €0.15 to €0.25
pipinoelbreve9: folds 
Iggnatius: folds 
Piosete: calls €0.20
JAM.FCM: folds 
*** FLOP *** [2d 6d 8d]
Piosete: checks 
AntiHestamine: bets €0.23
Piosete: folds 
Uncalled bet (€0.23) returned to AntiHestamine
AntiHestamine collected €0.57 from pot
AntiHestamine: doesn't show hand 
*** SUMMARY ***
Total pot €0.60 | Rake €0.03 
Board [2d 6d 8d]
Seat 1: Iggnatius (button) folded before Flop (didn't bet)
Seat 2: Piosete (small blind) folded on the Flop
Seat 3: JAM.FCM (big blind) folded before Flop
Seat 4: pajarillo23 folded before Flop (didn't bet)
Seat 5: AntiHestamine collected (€0.57)
Seat 6: pipinoelbreve9 folded before Flop (didn't bet)



PokerStars Zoom Hand #258436816760:  Hold'em No Limit (€0.05/€0.10) - 2025/11/08 20:49:55 CET [2025/11/08 14:49:55 ET]
Table 'Caph' 6-max Seat #1 is the button
Seat 1: MORENODCADI (€11.07 in chips) 
Seat 2: réflexion (€4.19 in chips) 
Seat 3: MAVERICK298 (€9.64 in chips) 
Seat 4: pipinoelbreve9 (€11.68 in chips) 
Seat 5: JAM.FCM (€5.82 in chips) 
Seat 6: Allestyle1 (€7.28 in chips) 
réflexion: posts small blind €0.05
MAVERICK298: posts big blind €0.10
*** HOLE CARDS ***
Dealt to pipinoelbreve9 [6d Qc]
pipinoelbreve9: folds 
JAM.FCM: folds 
Allestyle1: folds 
MORENODCADI: folds 
réflexion: folds 
Uncalled bet (€0.05) returned to MAVERICK298
MAVERICK298 collected €0.10 from pot
MAVERICK298: doesn't show hand 
*** SUMMARY ***
Total pot €0.10 | Rake €0 
Seat 1: MORENODCADI (button) folded before Flop (didn't bet)
Seat 2: réflexion (small blind) folded before Flop
Seat 3: MAVERICK298 (big blind) collected (€0.10)
Seat 4: pipinoelbreve9 folded before Flop (didn't bet)
Seat 5: JAM.FCM folded before Flop (didn't bet)
Seat 6: Allestyle1 folded before Flop (didn't bet)



PokerStars Zoom Hand #258436819859:  Hold'em No Limit (€0.05/€0.10) - 2025/11/08 20:50:08 CET [2025/11/08 14:50:08 ET]
Table 'Caph' 6-max Seat #1 is the button
Seat 1: DeJota101 (€10 in chips) 
Seat 2: kevyncito (€10.27 in chips) 
Seat 3: Nimed (€22.84 in chips) 
Seat 4: AntiHestamine (€10.32 in chips) 
Seat 5: Allestyle1 (€7.28 in chips) 
Seat 6: pipinoelbreve9 (€11.68 in chips) 
kevyncito: posts small blind €0.05
Nimed: posts big blind €0.10
*** HOLE CARDS ***
Dealt to pipinoelbreve9 [5c 5d]
AntiHestamine: folds 
Allestyle1: folds 
pipinoelbreve9: raises €0.15 to €0.25
DeJota101: folds 
kevyncito: folds 
Nimed: folds 
Uncalled bet (€0.15) returned to pipinoelbreve9
pipinoelbreve9 collected €0.25 from pot
pipinoelbreve9: doesn't show hand 
*** SUMMARY ***
Total pot €0.25 | Rake €0 
Seat 1: DeJota101 (button) folded before Flop (didn't bet)
Seat 2: kevyncito (small blind) folded before Flop
Seat 3: Nimed (big blind) folded before Flop
Seat 4: AntiHestamine folded before Flop (didn't bet)
Seat 5: Allestyle1 folded before Flop (didn't bet)
Seat 6: pipinoelbreve9 collected (€0.25)



PokerStars Zoom Hand #258436831616:  Hold'em No Limit (€0.05/€0.10) - 2025/11/08 20:50:58 CET [2025/11/08 14:50:58 ET]
Table 'Caph' 6-max Seat #1 is the button
Seat 1: Isoleitor (€19.93 in chips) 
Seat 2: pipinoelbreve9 (€11.73 in chips) 
Seat 3: MORENODCADI (€10.82 in chips) 
Seat 4: Have2LeaveSpace (€17.61 in chips) 
Seat 5: JAM.FCM (€6.04 in chips) 
Seat 6: Iggnatius (€10.98 in chips) 
pipinoelbreve9: posts small blind €0.05
MORENODCADI: posts big blind €0.10
*** HOLE CARDS ***
Dealt to pipinoelbreve9 [2h Tc]
Have2LeaveSpace: folds 
JAM.FCM: folds 
Iggnatius: raises €0.15 to €0.25
Isoleitor: folds 
pipinoelbreve9: folds 
MORENODCADI: folds 
Uncalled bet (€0.15) returned to Iggnatius
Iggnatius collected €0.25 from pot
Iggnatius: doesn't show hand 
*** SUMMARY ***
Total pot €0.25 | Rake €0 
Seat 1: Isoleitor (button) folded before Flop (didn't bet)
Seat 2: pipinoelbreve9 (small blind) folded before Flop
Seat 3: MORENODCADI (big blind) folded before Flop
Seat 4: Have2LeaveSpace folded before Flop (didn't bet)
Seat 5: JAM.FCM folded before Flop (didn't bet)
Seat 6: Iggnatius collected (€0.25)



PokerStars Zoom Hand #258436826733:  Hold'em No Limit (€0.05/€0.10) - 2025/11/08 20:50:37 CET [2025/11/08 14:50:37 ET]
Table 'Caph' 6-max Seat #1 is the button
Seat 1: pegnis (€6.66 in chips) 
Seat 2: seb51 (€9.13 in chips) 
Seat 3: pipinoelbreve9 (€11.83 in chips) 
Seat 4: italiano125 (€8.32 in chips) 
Seat 5: DeJota101 (€10 in chips) 
Seat 6: Allestyle1 (€7.13 in chips) 
seb51: posts small blind €0.05
pipinoelbreve9: posts big blind €0.10
*** HOLE CARDS ***
Dealt to pipinoelbreve9 [Jd 5s]
italiano125: folds 
DeJota101: raises €0.15 to €0.25
Allestyle1: folds 
pegnis: raises €0.15 to €0.40
seb51: folds 
pipinoelbreve9: folds 
DeJota101: calls €0.15
*** FLOP *** [6s Qc 4c]
DeJota101: checks 
pegnis: bets €0.10
DeJota101: folds 
Uncalled bet (€0.10) returned to pegnis
pegnis collected €0.90 from pot
pegnis: doesn't show hand 
*** SUMMARY ***
Total pot €0.95 | Rake €0.05 
Board [6s Qc 4c]
Seat 1: pegnis (button) collected (€0.90)
Seat 2: seb51 (small blind) folded before Flop
Seat 3: pipinoelbreve9 (big blind) folded before Flop
Seat 4: italiano125 folded before Flop (didn't bet)
Seat 5: DeJota101 folded on the Flop
Seat 6: Allestyle1 folded before Flop (didn't bet)



PokerStars Zoom Hand #258436832580:  Hold'em No Limit (€0.05/€0.10) - 2025/11/08 20:51:02 CET [2025/11/08 14:51:02 ET]
Table 'Caph' 6-max Seat #1 is the button
Seat 1: Ferruu4 (€9.76 in chips) 
Seat 2: Ius-Money (€11.16 in chips) 
Seat 3: Enriqueta1977 (€18.80 in chips) 
Seat 4: Have2LeaveSpace (€17.61 in chips) 
Seat 5: pipinoelbreve9 (€11.68 in chips) 
Seat 6: JAM.FCM (€6.04 in chips) 
Ius-Money: posts small blind €0.05
Enriqueta1977: posts big blind €0.10
*** HOLE CARDS ***
Dealt to pipinoelbreve9 [9c 9h]
Have2LeaveSpace: raises €0.12 to €0.22
pipinoelbreve9: calls €0.22
JAM.FCM: folds 
Ferruu4: folds 
Ius-Money: raises €0.78 to €1
Enriqueta1977: folds 
Have2LeaveSpace: folds 
pipinoelbreve9: calls €0.78
*** FLOP *** [2d 6d Qh]
Ius-Money: bets €0.73
pipinoelbreve9: calls €0.73
*** TURN *** [2d 6d Qh] [3s]
Ius-Money: bets €2.76
pipinoelbreve9: calls €2.76
*** RIVER *** [2d 6d Qh 3s] [7c]
Ius-Money: checks 
pipinoelbreve9: checks 
*** SHOW DOWN ***
Ius-Money: shows [Ks As] (high card Ace)
pipinoelbreve9: shows [9c 9h] (a pair of Nines)
pipinoelbreve9 collected €8.84 from pot
*** SUMMARY ***
Total pot €9.30 | Rake €0.46 
Board [2d 6d Qh 3s 7c]
Seat 1: Ferruu4 (button) folded before Flop (didn't bet)
Seat 2: Ius-Money (small blind) showed [Ks As] and lost with high card Ace
Seat 3: Enriqueta1977 (big blind) folded before Flop
Seat 4: Have2LeaveSpace folded before Flop
Seat 5: pipinoelbreve9 showed [9c 9h] and won (€8.84) with a pair of Nines
Seat 6: JAM.FCM folded before Flop (didn't bet)



PokerStars Zoom Hand #258436846175:  Hold'em No Limit (€0.05/€0.10) - 2025/11/08 20:52:00 CET [2025/11/08 14:52:00 ET]
Table 'Caph' 6-max Seat #1 is the button
Seat 1: pipinoelbreve9 (€16.03 in chips) 
Seat 2: unbalancedman (€12.19 in chips) 
Seat 3: Ius-Money (€10 in chips) 
Seat 4: Chendoteam (€8.99 in chips) 
Seat 5: Desmd72 (€15.90 in chips) 
Seat 6: bacanhim75 (€2.51 in chips) 
unbalancedman: posts small blind €0.05
Ius-Money: posts big blind €0.10
*** HOLE CARDS ***
Dealt to pipinoelbreve9 [Kh 2h]
Chendoteam: folds 
Desmd72: folds 
bacanhim75: folds 
pipinoelbreve9: raises €0.15 to €0.25
unbalancedman: folds 
Ius-Money: calls €0.15
*** FLOP *** [3s 8h Jd]
Ius-Money: checks 
pipinoelbreve9: checks 
*** TURN *** [3s 8h Jd] [6d]
Ius-Money: checks 
pipinoelbreve9: bets €0.17
Ius-Money: calls €0.17
*** RIVER *** [3s 8h Jd 6d] [7d]
Ius-Money: checks 
pipinoelbreve9: checks 
*** SHOW DOWN ***
Ius-Money: shows [Qs 6s] (a pair of Sixes)
pipinoelbreve9: mucks hand 
Ius-Money collected €0.85 from pot
*** SUMMARY ***
Total pot €0.89 | Rake €0.04 
Board [3s 8h Jd 6d 7d]
Seat 1: pipinoelbreve9 (button) mucked [Kh 2h]
Seat 2: unbalancedman (small blind) folded before Flop
Seat 3: Ius-Money (big blind) showed [Qs 6s] and won (€0.85) with a pair of Sixes
Seat 4: Chendoteam folded before Flop (didn't bet)
Seat 5: Desmd72 folded before Flop (didn't bet)
Seat 6: bacanhim75 folded before Flop (didn't bet)



PokerStars Zoom Hand #258436853997:  Hold'em No Limit (€0.05/€0.10) - 2025/11/08 20:52:34 CET [2025/11/08 14:52:34 ET]
Table 'Caph' 6-max Seat #1 is the button
Seat 1: ronyjux123 (€2.38 in chips) 
Seat 2: DiferentUser (€9.60 in chips) 
Seat 3: Enriqueta1977 (€21.74 in chips) 
Seat 4: pipinoelbreve9 (€15.61 in chips) 
Seat 5: carmenberdun_ (€11.71 in chips) 
Seat 6: MORENODCADI (€13.02 in chips) 
DiferentUser: posts small blind €0.05
Enriqueta1977: posts big blind €0.10
*** HOLE CARDS ***
Dealt to pipinoelbreve9 [Qd 2d]
pipinoelbreve9: folds 
carmenberdun_: folds 
MORENODCADI: folds 
ronyjux123: folds 
DiferentUser: folds 
Uncalled bet (€0.05) returned to Enriqueta1977
Enriqueta1977 collected €0.10 from pot
Enriqueta1977: doesn't show hand 
*** SUMMARY ***
Total pot €0.10 | Rake €0 
Seat 1: ronyjux123 (button) folded before Flop (didn't bet)
Seat 2: DiferentUser (small blind) folded before Flop
Seat 3: Enriqueta1977 (big blind) collected (€0.10)
Seat 4: pipinoelbreve9 folded before Flop (didn't bet)
Seat 5: carmenberdun_ folded before Flop (didn't bet)
Seat 6: MORENODCADI folded before Flop (didn't bet)



PokerStars Zoom Hand #258436855213:  Hold'em No Limit (€0.05/€0.10) - 2025/11/08 20:52:40 CET [2025/11/08 14:52:40 ET]
Table 'Caph' 6-max Seat #1 is the button
Seat 1: Iggnatius (€11.63 in chips) 
Seat 2: FFfast15 (€10.54 in chips) 
Seat 3: joanj90 (€5 in chips) 
Seat 4: Nimed (€22.74 in chips) 
Seat 5: Have2LeaveSpace (€17.54 in chips) 
Seat 6: pipinoelbreve9 (€15.61 in chips) 
FFfast15: posts small blind €0.05
joanj90: posts big blind €0.10
*** HOLE CARDS ***
Dealt to pipinoelbreve9 [6h 7h]
Nimed: folds 
Have2LeaveSpace: folds 
pipinoelbreve9: raises €0.15 to €0.25
Iggnatius: folds 
FFfast15: calls €0.20
joanj90: folds 
*** FLOP *** [8s Kd Qs]
FFfast15: checks 
pipinoelbreve9: bets €0.19
FFfast15: raises €0.39 to €0.58
pipinoelbreve9: folds 
Uncalled bet (€0.39) returned to FFfast15
FFfast15 collected €0.93 from pot
FFfast15: doesn't show hand 
*** SUMMARY ***
Total pot €0.98 | Rake €0.05 
Board [8s Kd Qs]
Seat 1: Iggnatius (button) folded before Flop (didn't bet)
Seat 2: FFfast15 (small blind) collected (€0.93)
Seat 3: joanj90 (big blind) folded before Flop
Seat 4: Nimed folded before Flop (didn't bet)
Seat 5: Have2LeaveSpace folded before Flop (didn't bet)
Seat 6: pipinoelbreve9 folded on the Flop



PokerStars Zoom Hand #258436862044:  Hold'em No Limit (€0.05/€0.10) - 2025/11/08 20:53:09 CET [2025/11/08 14:53:09 ET]
Table 'Caph' 6-max Seat #1 is the button
Seat 1: AntiHestamine (€12.22 in chips) 
Seat 2: pipinoelbreve9 (€15.17 in chips) 
Seat 3: Piosete (€10.89 in chips) 
Seat 4: SuperPiña2 (€10 in chips) 
Seat 5: David89548 (€9.83 in chips) 
Seat 6: djoelix173 (€5.28 in chips) 
pipinoelbreve9: posts small blind €0.05
Piosete: posts big blind €0.10
*** HOLE CARDS ***
Dealt to pipinoelbreve9 [Kc 4d]
SuperPiña2: folds 
David89548: folds 
djoelix173: folds 
AntiHestamine: raises €0.10 to €0.20
pipinoelbreve9: folds 
Piosete: raises €0.80 to €1
AntiHestamine: folds 
Uncalled bet (€0.80) returned to Piosete
Piosete collected €0.45 from pot
Piosete: doesn't show hand 
*** SUMMARY ***
Total pot €0.45 | Rake €0 
Seat 1: AntiHestamine (button) folded before Flop
Seat 2: pipinoelbreve9 (small blind) folded before Flop
Seat 3: Piosete (big blind) collected (€0.45)
Seat 4: SuperPiña2 folded before Flop (didn't bet)
Seat 5: David89548 folded before Flop (didn't bet)
Seat 6: djoelix173 folded before Flop (didn't bet)



PokerStars Zoom Hand #258436866260:  Hold'em No Limit (€0.05/€0.10) - 2025/11/08 20:53:28 CET [2025/11/08 14:53:28 ET]
Table 'Caph' 6-max Seat #1 is the button
Seat 1: Horion kez (€20.02 in chips) 
Seat 2: pipinoelbreve9 (€15.02 in chips) 
Seat 3: marc4682 (€5.11 in chips) 
Seat 4: bacanhim75 (€2.59 in chips) 
Seat 5: Iggnatius (€15.25 in chips) 
Seat 6: AntiHestamine (€12.02 in chips) 
pipinoelbreve9: posts small blind €0.05
marc4682: posts big blind €0.10
*** HOLE CARDS ***
Dealt to pipinoelbreve9 [Tc 4h]
bacanhim75: folds 
Iggnatius: folds 
AntiHestamine: folds 
Horion kez: folds 
pipinoelbreve9: folds 
Uncalled bet (€0.05) returned to marc4682
marc4682 collected €0.10 from pot
marc4682: doesn't show hand 
*** SUMMARY ***
Total pot €0.10 | Rake €0 
Seat 1: Horion kez (button) folded before Flop (didn't bet)
Seat 2: pipinoelbreve9 (small blind) folded before Flop
Seat 3: marc4682 (big blind) collected (€0.10)
Seat 4: bacanhim75 folded before Flop (didn't bet)
Seat 5: Iggnatius folded before Flop (didn't bet)
Seat 6: AntiHestamine folded before Flop (didn't bet)



PokerStars Zoom Hand #258436863248:  Hold'em No Limit (€0.05/€0.10) - 2025/11/08 20:53:14 CET [2025/11/08 14:53:14 ET]
Table 'Caph' 6-max Seat #1 is the button
Seat 1: seb51 (€8.73 in chips) 
Seat 2: chapico (€30.58 in chips) 
Seat 3: pipinoelbreve9 (€15.12 in chips) 
Seat 4: unbalancedman (€11.99 in chips) 
Seat 5: jandron13 (€5.85 in chips) 
Seat 6: Ferruu4 (€9.13 in chips) 
chapico: posts small blind €0.05
pipinoelbreve9: posts big blind €0.10
*** HOLE CARDS ***
Dealt to pipinoelbreve9 [4c 2d]
unbalancedman: raises €0.20 to €0.30
jandron13: folds 
Ferruu4: folds 
seb51: folds 
chapico: folds 
pipinoelbreve9: folds 
Uncalled bet (€0.20) returned to unbalancedman
unbalancedman collected €0.25 from pot
unbalancedman: doesn't show hand 
*** SUMMARY ***
Total pot €0.25 | Rake €0 
Seat 1: seb51 (button) folded before Flop (didn't bet)
Seat 2: chapico (small blind) folded before Flop
Seat 3: pipinoelbreve9 (big blind) folded before Flop
Seat 4: unbalancedman collected (€0.25)
Seat 5: jandron13 folded before Flop (didn't bet)
Seat 6: Ferruu4 folded before Flop (didn't bet)



PokerStars Zoom Hand #258436865087:  Hold'em No Limit (€0.05/€0.10) - 2025/11/08 20:53:22 CET [2025/11/08 14:53:22 ET]
Table 'Caph' 6-max Seat #1 is the button
Seat 1: RiCosta20 (€10 in chips) 
Seat 2: BasDost33 (€9.74 in chips) 
Seat 3: djoelix173 (€5.28 in chips) 
Seat 4: pajarillo23 (€11.35 in chips) 
Seat 5: pipinoelbreve9 (€15.02 in chips) 
Seat 6: neanderthal3 (€2.91 in chips) 
BasDost33: posts small blind €0.05
djoelix173: posts big blind €0.10
*** HOLE CARDS ***
Dealt to pipinoelbreve9 [4c 3c]
pajarillo23: folds 
pipinoelbreve9: folds 
neanderthal3: raises €0.20 to €0.30
RiCosta20: folds 
BasDost33: folds 
djoelix173: calls €0.20
*** FLOP *** [7h Kc 8h]
djoelix173: checks 
neanderthal3: checks 
*** TURN *** [7h Kc 8h] [Qs]
djoelix173: checks 
neanderthal3: checks 
*** RIVER *** [7h Kc 8h Qs] [3s]
djoelix173: bets €0.31
neanderthal3: folds 
Uncalled bet (€0.31) returned to djoelix173
djoelix173 collected €0.62 from pot
djoelix173: doesn't show hand 
*** SUMMARY ***
Total pot €0.65 | Rake €0.03 
Board [7h Kc 8h Qs 3s]
Seat 1: RiCosta20 (button) folded before Flop (didn't bet)
Seat 2: BasDost33 (small blind) folded before Flop
Seat 3: djoelix173 (big blind) collected (€0.62)
Seat 4: pajarillo23 folded before Flop (didn't bet)
Seat 5: pipinoelbreve9 folded before Flop (didn't bet)
Seat 6: neanderthal3 folded on the River



PokerStars Zoom Hand #258436864335:  Hold'em No Limit (€0.05/€0.10) - 2025/11/08 20:53:19 CET [2025/11/08 14:53:19 ET]
Table 'Caph' 6-max Seat #1 is the button
Seat 1: D0nAnKs (€43.83 in chips) 
Seat 2: neanderthal3 (€5.40 in chips) 
Seat 3: Iggnatius (€14.32 in chips) 
Seat 4: pipinoelbreve9 (€15.02 in chips) 
Seat 5: leobcn9 (€10 in chips) 
Seat 6: kevyncito (€22.25 in chips) 
neanderthal3: posts small blind €0.05
Iggnatius: posts big blind €0.10
*** HOLE CARDS ***
Dealt to pipinoelbreve9 [Kh 6d]
pipinoelbreve9: folds 
leobcn9 has timed out
leobcn9: folds 
kevyncito: folds 
D0nAnKs: folds 
neanderthal3: raises €0.20 to €0.30
Iggnatius: calls €0.20
*** FLOP *** [Jh Kc 9s]
neanderthal3: checks 
Iggnatius: bets €0.43
neanderthal3: folds 
Uncalled bet (€0.43) returned to Iggnatius
Iggnatius collected €0.57 from pot
Iggnatius: doesn't show hand 
*** SUMMARY ***
Total pot €0.60 | Rake €0.03 
Board [Jh Kc 9s]
Seat 1: D0nAnKs (button) folded before Flop (didn't bet)
Seat 2: neanderthal3 (small blind) folded on the Flop
Seat 3: Iggnatius (big blind) collected (€0.57)
Seat 4: pipinoelbreve9 folded before Flop (didn't bet)
Seat 5: leobcn9 folded before Flop (didn't bet)
Seat 6: kevyncito folded before Flop (didn't bet)



PokerStars Zoom Hand #258436868120:  Hold'em No Limit (€0.05/€0.10) - 2025/11/08 20:53:35 CET [2025/11/08 14:53:35 ET]
Table 'Caph' 6-max Seat #1 is the button
Seat 1: pipinoelbreve9 (€14.97 in chips) 
Seat 2: inchill (€11.99 in chips) 
Seat 3: bacanhim75 (€2.59 in chips) 
Seat 4: neanderthal3 (€2.74 in chips) 
Seat 5: riomagico (€5.45 in chips) 
Seat 6: Isoleitor (€16.72 in chips) 
inchill: posts small blind €0.05
bacanhim75: posts big blind €0.10
*** HOLE CARDS ***
Dealt to pipinoelbreve9 [Js Qd]
neanderthal3: raises €0.20 to €0.30
riomagico: folds 
Isoleitor: folds 
pipinoelbreve9: calls €0.30
inchill: folds 
bacanhim75: folds 
*** FLOP *** [Jd 2c 4s]
neanderthal3: bets €0.36
pipinoelbreve9: calls €0.36
*** TURN *** [Jd 2c 4s] [4c]
neanderthal3: checks 
pipinoelbreve9: checks 
*** RIVER *** [Jd 2c 4s 4c] [Ac]
neanderthal3: checks 
pipinoelbreve9: checks 
*** SHOW DOWN ***
neanderthal3: shows [7s 7d] (two pair, Sevens and Fours)
pipinoelbreve9: shows [Js Qd] (two pair, Jacks and Fours)
pipinoelbreve9 collected €1.40 from pot
*** SUMMARY ***
Total pot €1.47 | Rake €0.07 
Board [Jd 2c 4s 4c Ac]
Seat 1: pipinoelbreve9 (button) showed [Js Qd] and won (€1.40) with two pair, Jacks and Fours
Seat 2: inchill (small blind) folded before Flop
Seat 3: bacanhim75 (big blind) folded before Flop
Seat 4: neanderthal3 showed [7s 7d] and lost with two pair, Sevens and Fours
Seat 5: riomagico folded before Flop (didn't bet)
Seat 6: Isoleitor folded before Flop (didn't bet)



PokerStars Zoom Hand #258436884006:  Hold'em No Limit (€0.05/€0.10) - 2025/11/08 20:54:44 CET [2025/11/08 14:54:44 ET]
Table 'Caph' 6-max Seat #1 is the button
Seat 1: al3xitto25 (€9.90 in chips) 
Seat 2: AntiHestamine (€21.75 in chips) 
Seat 3: pipinoelbreve9 (€15.71 in chips) 
Seat 4: marc4682 (€5.16 in chips) 
Seat 5: DiferentUser (€10.32 in chips) 
Seat 6: jandron13 (€5.20 in chips) 
AntiHestamine: posts small blind €0.05
pipinoelbreve9: posts big blind €0.10
*** HOLE CARDS ***
Dealt to pipinoelbreve9 [Qd Ks]
marc4682: folds 
DiferentUser: folds 
jandron13: folds 
al3xitto25: folds 
AntiHestamine: folds 
Uncalled bet (€0.05) returned to pipinoelbreve9
pipinoelbreve9 collected €0.10 from pot
pipinoelbreve9: doesn't show hand 
*** SUMMARY ***
Total pot €0.10 | Rake €0 
Seat 1: al3xitto25 (button) folded before Flop (didn't bet)
Seat 2: AntiHestamine (small blind) folded before Flop
Seat 3: pipinoelbreve9 (big blind) collected (€0.10)
Seat 4: marc4682 folded before Flop (didn't bet)
Seat 5: DiferentUser folded before Flop (didn't bet)
Seat 6: jandron13 folded before Flop (didn't bet)



PokerStars Zoom Hand #258436886974:  Hold'em No Limit (€0.05/€0.10) - 2025/11/08 20:54:57 CET [2025/11/08 14:54:57 ET]
Table 'Caph' 6-max Seat #1 is the button
Seat 1: Ius-Money (€10.28 in chips) 
Seat 2: DiferentUser (€12.67 in chips) 
Seat 3: Nimed (€12.72 in chips) 
Seat 4: pipinoelbreve9 (€15.76 in chips) 
Seat 5: unbalancedman (€13.48 in chips) 
Seat 6: al3xitto25 (€9.95 in chips) 
DiferentUser: posts small blind €0.05
Nimed: posts big blind €0.10
*** HOLE CARDS ***
Dealt to pipinoelbreve9 [6s Ts]
pipinoelbreve9: folds 
unbalancedman: folds 
al3xitto25: folds 
Ius-Money: folds 
DiferentUser: folds 
Uncalled bet (€0.05) returned to Nimed
Nimed collected €0.10 from pot
Nimed: doesn't show hand 
*** SUMMARY ***
Total pot €0.10 | Rake €0 
Seat 1: Ius-Money (button) folded before Flop (didn't bet)
Seat 2: DiferentUser (small blind) folded before Flop
Seat 3: Nimed (big blind) collected (€0.10)
Seat 4: pipinoelbreve9 folded before Flop (didn't bet)
Seat 5: unbalancedman folded before Flop (didn't bet)
Seat 6: al3xitto25 folded before Flop (didn't bet)



PokerStars Zoom Hand #258436883047:  Hold'em No Limit (€0.05/€0.10) - 2025/11/08 20:54:40 CET [2025/11/08 14:54:40 ET]
Table 'Caph' 6-max Seat #1 is the button
Seat 1: BasDost33 (€8.14 in chips) 
Seat 2: lando1971 (€4.98 in chips) 
Seat 3: neanderthal3 (€2.08 in chips) 
Seat 4: unbalancedman (€13.58 in chips) 
Seat 5: riomagico (€5.30 in chips) 
Seat 6: pipinoelbreve9 (€15.71 in chips) 
lando1971: posts small blind €0.05
neanderthal3: posts big blind €0.10
*** HOLE CARDS ***
Dealt to pipinoelbreve9 [Kd 5c]
unbalancedman: folds 
riomagico: raises €0.15 to €0.25
pipinoelbreve9: folds 
BasDost33: folds 
lando1971: calls €0.20
neanderthal3: folds 
*** FLOP *** [Td Ks 2d]
lando1971: checks 
riomagico: bets €0.40
lando1971: calls €0.40
*** TURN *** [Td Ks 2d] [3h]
lando1971: checks 
riomagico: checks 
*** RIVER *** [Td Ks 2d 3h] [Kc]
lando1971: bets €1.33
riomagico: folds 
Uncalled bet (€1.33) returned to lando1971
lando1971 collected €1.33 from pot
lando1971: doesn't show hand 
*** SUMMARY ***
Total pot €1.40 | Rake €0.07 
Board [Td Ks 2d 3h Kc]
Seat 1: BasDost33 (button) folded before Flop (didn't bet)
Seat 2: lando1971 (small blind) collected (€1.33)
Seat 3: neanderthal3 (big blind) folded before Flop
Seat 4: unbalancedman folded before Flop (didn't bet)
Seat 5: riomagico folded on the River
Seat 6: pipinoelbreve9 folded before Flop (didn't bet)



PokerStars Zoom Hand #258436887601:  Hold'em No Limit (€0.05/€0.10) - 2025/11/08 20:55:00 CET [2025/11/08 14:55:00 ET]
Table 'Caph' 6-max Seat #1 is the button
Seat 1: pipinoelbreve9 (€15.76 in chips) 
Seat 2: papadosha69 (€6.10 in chips) 
Seat 3: BasDost33 (€8.29 in chips) 
Seat 4: unbalancedman (€13.48 in chips) 
Seat 5: carine1076 (€11.02 in chips) 
Seat 6: MM_Jose_09 (€12.56 in chips) 
papadosha69: posts small blind €0.05
BasDost33: posts big blind €0.10
*** HOLE CARDS ***
Dealt to pipinoelbreve9 [8s Kc]
unbalancedman: folds 
carine1076: folds 
MM_Jose_09: folds 
pipinoelbreve9: raises €0.15 to €0.25
papadosha69: folds 
BasDost33: calls €0.15
*** FLOP *** [8c Ad 7s]
BasDost33: checks 
pipinoelbreve9: bets €0.17
BasDost33: calls €0.17
*** TURN *** [8c Ad 7s] [Ah]
BasDost33: checks 
pipinoelbreve9: bets €0.43
BasDost33: calls €0.43
*** RIVER *** [8c Ad 7s Ah] [Ac]
BasDost33: bets €0.10
pipinoelbreve9: calls €0.10
*** SHOW DOWN ***
BasDost33: shows [7h Qh] (a full house, Aces full of Sevens)
pipinoelbreve9: shows [8s Kc] (a full house, Aces full of Eights)
pipinoelbreve9 collected €1.85 from pot
*** SUMMARY ***
Total pot €1.95 | Rake €0.10 
Board [8c Ad 7s Ah Ac]
Seat 1: pipinoelbreve9 (button) showed [8s Kc] and won (€1.85) with a full house, Aces full of Eights
Seat 2: papadosha69 (small blind) folded before Flop
Seat 3: BasDost33 (big blind) showed [7h Qh] and lost with a full house, Aces full of Sevens
Seat 4: unbalancedman folded before Flop (didn't bet)
Seat 5: carine1076 folded before Flop (didn't bet)
Seat 6: MM_Jose_09 folded before Flop (didn't bet)



PokerStars Zoom Hand #258436898494:  Hold'em No Limit (€0.05/€0.10) - 2025/11/08 20:56:04 CET [2025/11/08 14:56:04 ET]
Table 'Caph' 6-max Seat #1 is the button
Seat 1: MAVERICK298 (€8.06 in chips) 
Seat 2: unbalancedman (€18.63 in chips) 
Seat 3: pipinoelbreve9 (€16.66 in chips) 
Seat 4: Nimed (€12.21 in chips) 
Seat 5: jandron13 (€5.20 in chips) 
Seat 6: jeandu56 (€5.75 in chips) 
unbalancedman: posts small blind €0.05
pipinoelbreve9: posts big blind €0.10
*** HOLE CARDS ***
Dealt to pipinoelbreve9 [3d 7s]
Nimed: folds 
jandron13: folds 
jeandu56: folds 
MAVERICK298: raises €0.14 to €0.24
unbalancedman: folds 
pipinoelbreve9: folds 
Uncalled bet (€0.14) returned to MAVERICK298
MAVERICK298 collected €0.25 from pot
MAVERICK298: doesn't show hand 
*** SUMMARY ***
Total pot €0.25 | Rake €0 
Seat 1: MAVERICK298 (button) collected (€0.25)
Seat 2: unbalancedman (small blind) folded before Flop
Seat 3: pipinoelbreve9 (big blind) folded before Flop
Seat 4: Nimed folded before Flop (didn't bet)
Seat 5: jandron13 folded before Flop (didn't bet)
Seat 6: jeandu56 folded before Flop (didn't bet)



PokerStars Zoom Hand #258436897987:  Hold'em No Limit (€0.05/€0.10) - 2025/11/08 20:56:01 CET [2025/11/08 14:56:01 ET]
Table 'Caph' 6-max Seat #1 is the button
Seat 1: TiltFiction (€10.25 in chips) 
Seat 2: jandron13 (€7.30 in chips) 
Seat 3: riomagico (€5.27 in chips) 
Seat 4: pipinoelbreve9 (€16.66 in chips) 
Seat 5: djoelix173 (€5.40 in chips) 
Seat 6: kevyncito (€20.95 in chips) 
jandron13: posts small blind €0.05
riomagico: posts big blind €0.10
*** HOLE CARDS ***
Dealt to pipinoelbreve9 [Kc 7s]
pipinoelbreve9: folds 
djoelix173: folds 
kevyncito: folds 
TiltFiction: raises €0.19 to €0.29
jandron13: folds 
riomagico: folds 
Uncalled bet (€0.19) returned to TiltFiction
TiltFiction collected €0.25 from pot
TiltFiction: doesn't show hand 
*** SUMMARY ***
Total pot €0.25 | Rake €0 
Seat 1: TiltFiction (button) collected (€0.25)
Seat 2: jandron13 (small blind) folded before Flop
Seat 3: riomagico (big blind) folded before Flop
Seat 4: pipinoelbreve9 folded before Flop (didn't bet)
Seat 5: djoelix173 folded before Flop (didn't bet)
Seat 6: kevyncito folded before Flop (didn't bet)



PokerStars Zoom Hand #258436901161:  Hold'em No Limit (€0.05/€0.10) - 2025/11/08 20:56:22 CET [2025/11/08 14:56:22 ET]
Table 'Caph' 6-max Seat #1 is the button
Seat 1: Piosete (€10 in chips) 
Seat 2: pimpim1985 (€8.53 in chips) 
Seat 3: bobette59500 (€9.36 in chips) 
Seat 4: Remy947 (€7.90 in chips) 
Seat 5: pipinoelbreve9 (€16.51 in chips) 
Seat 6: AntiHestamine (€11.37 in chips) 
pimpim1985: posts small blind €0.05
bobette59500: posts big blind €0.10
*** HOLE CARDS ***
Dealt to pipinoelbreve9 [Th 9d]
Remy947: folds 
pipinoelbreve9: folds 
AntiHestamine: folds 
Piosete: folds 
pimpim1985: folds 
Uncalled bet (€0.05) returned to bobette59500
bobette59500 collected €0.10 from pot
bobette59500: doesn't show hand 
*** SUMMARY ***
Total pot €0.10 | Rake €0 
Seat 1: Piosete (button) folded before Flop (didn't bet)
Seat 2: pimpim1985 (small blind) folded before Flop
Seat 3: bobette59500 (big blind) collected (€0.10)
Seat 4: Remy947 folded before Flop (didn't bet)
Seat 5: pipinoelbreve9 folded before Flop (didn't bet)
Seat 6: AntiHestamine folded before Flop (didn't bet)



PokerStars Zoom Hand #258436896589:  Hold'em No Limit (€0.05/€0.10) - 2025/11/08 20:55:52 CET [2025/11/08 14:55:52 ET]
Table 'Caph' 6-max Seat #1 is the button
Seat 1: Have2LeaveSpace (€16 in chips) 
Seat 2: markargibay (€8.78 in chips) 
Seat 3: DeJota101 (€25.95 in chips) 
Seat 4: neanderthal3 (€2.28 in chips) 
Seat 5: carine1076 (€11.27 in chips) 
Seat 6: pipinoelbreve9 (€16.66 in chips) 
markargibay: posts small blind €0.05
DeJota101: posts big blind €0.10
*** HOLE CARDS ***
Dealt to pipinoelbreve9 [3s 9h]
neanderthal3: folds 
carine1076: folds 
pipinoelbreve9: folds 
Have2LeaveSpace: raises €0.15 to €0.25
markargibay: folds 
DeJota101: calls €0.15
*** FLOP *** [7c Ad Kc]
DeJota101: checks 
Have2LeaveSpace: bets €0.17
DeJota101: folds 
Uncalled bet (€0.17) returned to Have2LeaveSpace
Have2LeaveSpace collected €0.52 from pot
Have2LeaveSpace: doesn't show hand 
*** SUMMARY ***
Total pot €0.55 | Rake €0.03 
Board [7c Ad Kc]
Seat 1: Have2LeaveSpace (button) collected (€0.52)
Seat 2: markargibay (small blind) folded before Flop
Seat 3: DeJota101 (big blind) folded on the Flop
Seat 4: neanderthal3 folded before Flop (didn't bet)
Seat 5: carine1076 folded before Flop (didn't bet)
Seat 6: pipinoelbreve9 folded before Flop (didn't bet)



PokerStars Zoom Hand #258436895076:  Hold'em No Limit (€0.05/€0.10) - 2025/11/08 20:55:42 CET [2025/11/08 14:55:42 ET]
Table 'Caph' 6-max Seat #1 is the button
Seat 1: FFfast15 (€10.22 in chips) 
Seat 2: BasDost33 (€7.34 in chips) 
Seat 3: MM_Jose_09 (€12.41 in chips) 
Seat 4: markargibay (€8.78 in chips) 
Seat 5: pipinoelbreve9 (€16.66 in chips) 
Seat 6: Enriqueta1977 (€22.04 in chips) 
BasDost33: posts small blind €0.05
MM_Jose_09: posts big blind €0.10
*** HOLE CARDS ***
Dealt to pipinoelbreve9 [6c Js]
markargibay: folds 
pipinoelbreve9: folds 
Enriqueta1977: raises €0.15 to €0.25
FFfast15: raises €0.55 to €0.80
BasDost33: folds 
MM_Jose_09: folds 
Enriqueta1977: calls €0.55
*** FLOP *** [Th 8d Ah]
Enriqueta1977: checks 
FFfast15: bets €1.20
Enriqueta1977: calls €1.20
*** TURN *** [Th 8d Ah] [9s]
Enriqueta1977: bets €20.04 and is all-in
FFfast15: folds 
Uncalled bet (€20.04) returned to Enriqueta1977
Enriqueta1977 collected €3.94 from pot
Enriqueta1977: doesn't show hand 
*** SUMMARY ***
Total pot €4.15 | Rake €0.21 
Board [Th 8d Ah 9s]
Seat 1: FFfast15 (button) folded on the Turn
Seat 2: BasDost33 (small blind) folded before Flop
Seat 3: MM_Jose_09 (big blind) folded before Flop
Seat 4: markargibay folded before Flop (didn't bet)
Seat 5: pipinoelbreve9 folded before Flop (didn't bet)
Seat 6: Enriqueta1977 collected (€3.94)



PokerStars Zoom Hand #258436900693:  Hold'em No Limit (€0.05/€0.10) - 2025/11/08 20:56:19 CET [2025/11/08 14:56:19 ET]
Table 'Caph' 6-max Seat #1 is the button
Seat 1: AntiHestamine (€11.37 in chips) 
Seat 2: pipinoelbreve9 (€16.56 in chips) 
Seat 3: MAVERICK298 (€8.21 in chips) 
Seat 4: BasDost33 (€7.29 in chips) 
Seat 5: marc4682 (€5.11 in chips) 
Seat 6: TiltFiction (€10.40 in chips) 
pipinoelbreve9: posts small blind €0.05
MAVERICK298: posts big blind €0.10
*** HOLE CARDS ***
Dealt to pipinoelbreve9 [3s 7s]
BasDost33: raises €0.20 to €0.30
marc4682: folds 
TiltFiction: raises €0.75 to €1.05
AntiHestamine: folds 
pipinoelbreve9: folds 
MAVERICK298: folds 
BasDost33: calls €0.75
*** FLOP *** [4d 2c 7d]
BasDost33: checks 
TiltFiction: bets €0.75
BasDost33: calls €0.75
*** TURN *** [4d 2c 7d] [4s]
BasDost33: checks 
TiltFiction: checks 
*** RIVER *** [4d 2c 7d 4s] [7c]
BasDost33: bets €0.10
TiltFiction: calls €0.10
*** SHOW DOWN ***
BasDost33: shows [Ah 5h] (two pair, Sevens and Fours)
TiltFiction: mucks hand 
BasDost33 collected €3.75 from pot
*** SUMMARY ***
Total pot €3.95 | Rake €0.20 
Board [4d 2c 7d 4s 7c]
Seat 1: AntiHestamine (button) folded before Flop (didn't bet)
Seat 2: pipinoelbreve9 (small blind) folded before Flop
Seat 3: MAVERICK298 (big blind) folded before Flop
Seat 4: BasDost33 showed [Ah 5h] and won (€3.75) with two pair, Sevens and Fours
Seat 5: marc4682 folded before Flop (didn't bet)
Seat 6: TiltFiction mucked [Qc Ks]



PokerStars Zoom Hand #258436901707:  Hold'em No Limit (€0.05/€0.10) - 2025/11/08 20:56:25 CET [2025/11/08 14:56:25 ET]
Table 'Caph' 6-max Seat #1 is the button
Seat 1: pipinoelbreve9 (€16.51 in chips) 
Seat 2: AntiHestamine (€11.37 in chips) 
Seat 3: Pinchoglobo (€10.25 in chips) 
Seat 4: Piosete (€10 in chips) 
Seat 5: Enriqueta1977 (€10.55 in chips) 
Seat 6: TURRKKISH (€3.51 in chips) 
AntiHestamine: posts small blind €0.05
Pinchoglobo: posts big blind €0.10
*** HOLE CARDS ***
Dealt to pipinoelbreve9 [Ac 6c]
Piosete: folds 
Enriqueta1977 has timed out
Enriqueta1977: folds 
TURRKKISH: raises €0.25 to €0.35
pipinoelbreve9: calls €0.35
AntiHestamine: folds 
Pinchoglobo: calls €0.25
*** FLOP *** [Ks 5d 3d]
Pinchoglobo: checks 
TURRKKISH: bets €0.40
pipinoelbreve9: folds 
Pinchoglobo: folds 
Uncalled bet (€0.40) returned to TURRKKISH
TURRKKISH collected €1.04 from pot
TURRKKISH: doesn't show hand 
*** SUMMARY ***
Total pot €1.10 | Rake €0.06 
Board [Ks 5d 3d]
Seat 1: pipinoelbreve9 (button) folded on the Flop
Seat 2: AntiHestamine (small blind) folded before Flop
Seat 3: Pinchoglobo (big blind) folded on the Flop
Seat 4: Piosete folded before Flop (didn't bet)
Seat 5: Enriqueta1977 folded before Flop (didn't bet)
Seat 6: TURRKKISH collected (€1.04)



PokerStars Zoom Hand #258436909061:  Hold'em No Limit (€0.05/€0.10) - 2025/11/08 20:57:14 CET [2025/11/08 14:57:14 ET]
Table 'Caph' 6-max Seat #1 is the button
Seat 1: riomagico (€5.02 in chips) 
Seat 2: Have2LeaveSpace (€10 in chips) 
Seat 3: D0nAnKs (€42.59 in chips) 
Seat 4: pipinoelbreve9 (€16.16 in chips) 
Seat 5: Enriqueta1977 (€23.93 in chips) 
Seat 6: IlAbruzzi (€7.65 in chips) 
Have2LeaveSpace: posts small blind €0.05
D0nAnKs: posts big blind €0.10
*** HOLE CARDS ***
Dealt to pipinoelbreve9 [9h Ad]
pipinoelbreve9: folds 
Enriqueta1977: folds 
IlAbruzzi: raises €0.20 to €0.30
riomagico: folds 
Have2LeaveSpace: folds 
D0nAnKs: folds 
Uncalled bet (€0.20) returned to IlAbruzzi
IlAbruzzi collected €0.25 from pot
IlAbruzzi: doesn't show hand 
*** SUMMARY ***
Total pot €0.25 | Rake €0 
Seat 1: riomagico (button) folded before Flop (didn't bet)
Seat 2: Have2LeaveSpace (small blind) folded before Flop
Seat 3: D0nAnKs (big blind) folded before Flop
Seat 4: pipinoelbreve9 folded before Flop (didn't bet)
Seat 5: Enriqueta1977 folded before Flop (didn't bet)
Seat 6: IlAbruzzi collected (€0.25)



PokerStars Zoom Hand #258436909742:  Hold'em No Limit (€0.05/€0.10) - 2025/11/08 20:57:18 CET [2025/11/08 14:57:18 ET]
Table 'Caph' 6-max Seat #1 is the button
Seat 1: Pinchoglobo (€10 in chips) 
Seat 2: MAVERICK298 (€26.55 in chips) 
Seat 3: AntiHestamine (€10 in chips) 
Seat 4: pipinoelbreve9 (€16.16 in chips) 
Seat 5: al3xitto25 (€10.10 in chips) 
Seat 6: jandron13 (€6 in chips) 
MAVERICK298: posts small blind €0.05
AntiHestamine: posts big blind €0.10
*** HOLE CARDS ***
Dealt to pipinoelbreve9 [As 3c]
pipinoelbreve9: folds 
al3xitto25: folds 
jandron13: raises €0.15 to €0.25
Pinchoglobo: folds 
MAVERICK298: folds 
AntiHestamine: folds 
Uncalled bet (€0.15) returned to jandron13
jandron13 collected €0.25 from pot
jandron13: doesn't show hand 
*** SUMMARY ***
Total pot €0.25 | Rake €0 
Seat 1: Pinchoglobo (button) folded before Flop (didn't bet)
Seat 2: MAVERICK298 (small blind) folded before Flop
Seat 3: AntiHestamine (big blind) folded before Flop
Seat 4: pipinoelbreve9 folded before Flop (didn't bet)
Seat 5: al3xitto25 folded before Flop (didn't bet)
Seat 6: jandron13 collected (€0.25)



PokerStars Zoom Hand #258436910455:  Hold'em No Limit (€0.05/€0.10) - 2025/11/08 20:57:22 CET [2025/11/08 14:57:22 ET]
Table 'Caph' 6-max Seat #1 is the button
Seat 1: lando1971 (€5.51 in chips) 
Seat 2: RiCosta20 (€10.05 in chips) 
Seat 3: pipinoelbreve9 (€16.16 in chips) 
Seat 4: al3xitto25 (€10.10 in chips) 
Seat 5: DiferentUser (€14.61 in chips) 
Seat 6: AntiHestamine (€11.10 in chips) 
RiCosta20: posts small blind €0.05
pipinoelbreve9: posts big blind €0.10
*** HOLE CARDS ***
Dealt to pipinoelbreve9 [8d 3h]
al3xitto25: folds 
DiferentUser: folds 
AntiHestamine: folds 
lando1971: folds 
RiCosta20: folds 
Uncalled bet (€0.05) returned to pipinoelbreve9
pipinoelbreve9 collected €0.10 from pot
pipinoelbreve9: doesn't show hand 
*** SUMMARY ***
Total pot €0.10 | Rake €0 
Seat 1: lando1971 (button) folded before Flop (didn't bet)
Seat 2: RiCosta20 (small blind) folded before Flop
Seat 3: pipinoelbreve9 (big blind) collected (€0.10)
Seat 4: al3xitto25 folded before Flop (didn't bet)
Seat 5: DiferentUser folded before Flop (didn't bet)
Seat 6: AntiHestamine folded before Flop (didn't bet)



PokerStars Zoom Hand #258436914263:  Hold'em No Limit (€0.05/€0.10) - 2025/11/08 20:57:47 CET [2025/11/08 14:57:47 ET]
Table 'Caph' 6-max Seat #1 is the button
Seat 1: SuperPiña2 (€10.37 in chips) 
Seat 2: TiltFiction (€10 in chips) 
Seat 3: Enriqueta1977 (€9.01 in chips) 
Seat 4: jandron13 (€7 in chips) 
Seat 5: unbalancedman (€17.38 in chips) 
Seat 6: pipinoelbreve9 (€16.16 in chips) 
TiltFiction: posts small blind €0.05
Enriqueta1977: posts big blind €0.10
*** HOLE CARDS ***
Dealt to pipinoelbreve9 [Ac Qs]
jandron13: folds 
unbalancedman: raises €0.25 to €0.35
pipinoelbreve9: raises €0.55 to €0.90
SuperPiña2: folds 
TiltFiction: folds 
Enriqueta1977: folds 
unbalancedman: folds 
Uncalled bet (€0.55) returned to pipinoelbreve9
pipinoelbreve9 collected €0.85 from pot
pipinoelbreve9: doesn't show hand 
*** SUMMARY ***
Total pot €0.85 | Rake €0 
Seat 1: SuperPiña2 (button) folded before Flop (didn't bet)
Seat 2: TiltFiction (small blind) folded before Flop
Seat 3: Enriqueta1977 (big blind) folded before Flop
Seat 4: jandron13 folded before Flop (didn't bet)
Seat 5: unbalancedman folded before Flop
Seat 6: pipinoelbreve9 collected (€0.85)



PokerStars Zoom Hand #258436913736:  Hold'em No Limit (€0.05/€0.10) - 2025/11/08 20:57:44 CET [2025/11/08 14:57:44 ET]
Table 'Caph' 6-max Seat #1 is the button
Seat 1: DeJota101 (€17.01 in chips) 
Seat 2: pipinoelbreve9 (€16.21 in chips) 
Seat 3: D0nAnKs (€42.44 in chips) 
Seat 4: TURRKKISH (€4.71 in chips) 
Seat 5: SuperPiña2 (€10.37 in chips) 
Seat 6: seb51 (€8.28 in chips) 
pipinoelbreve9: posts small blind €0.05
D0nAnKs: posts big blind €0.10
*** HOLE CARDS ***
Dealt to pipinoelbreve9 [8h 7c]
TURRKKISH: calls €0.10
SuperPiña2: folds 
seb51: folds 
DeJota101: folds 
pipinoelbreve9: folds 
D0nAnKs: checks 
*** FLOP *** [9d 6h Td]
D0nAnKs: bets €0.10
TURRKKISH: calls €0.10
*** TURN *** [9d 6h Td] [3s]
D0nAnKs: bets €0.10
TURRKKISH: calls €0.10
*** RIVER *** [9d 6h Td 3s] [Js]
D0nAnKs: bets €0.10
TURRKKISH: folds 
Uncalled bet (€0.10) returned to D0nAnKs
D0nAnKs collected €0.62 from pot
D0nAnKs: doesn't show hand 
*** SUMMARY ***
Total pot €0.65 | Rake €0.03 
Board [9d 6h Td 3s Js]
Seat 1: DeJota101 (button) folded before Flop (didn't bet)
Seat 2: pipinoelbreve9 (small blind) folded before Flop
Seat 3: D0nAnKs (big blind) collected (€0.62)
Seat 4: TURRKKISH folded on the River
Seat 5: SuperPiña2 folded before Flop (didn't bet)
Seat 6: seb51 folded before Flop (didn't bet)



PokerStars Zoom Hand #258436917572:  Hold'em No Limit (€0.05/€0.10) - 2025/11/08 20:58:08 CET [2025/11/08 14:58:08 ET]
Table 'Caph' 6-max Seat #1 is the button
Seat 1: pipinoelbreve9 (€16.66 in chips) 
Seat 2: réflexion (€5.55 in chips) 
Seat 3: markargibay (€7.53 in chips) 
Seat 4: Iggnatius (€11.95 in chips) 
Seat 5: DiferentUser (€11.93 in chips) 
Seat 6: seb51 (€9.68 in chips) 
réflexion: posts small blind €0.05
markargibay: posts big blind €0.10
*** HOLE CARDS ***
Dealt to pipinoelbreve9 [6d Qs]
Iggnatius: folds 
DiferentUser: folds 
seb51: folds 
pipinoelbreve9: folds 
réflexion: folds 
Uncalled bet (€0.05) returned to markargibay
markargibay collected €0.10 from pot
markargibay: doesn't show hand 
*** SUMMARY ***
Total pot €0.10 | Rake €0 
Seat 1: pipinoelbreve9 (button) folded before Flop (didn't bet)
Seat 2: réflexion (small blind) folded before Flop
Seat 3: markargibay (big blind) collected (€0.10)
Seat 4: Iggnatius folded before Flop (didn't bet)
Seat 5: DiferentUser folded before Flop (didn't bet)
Seat 6: seb51 folded before Flop (didn't bet)



PokerStars Zoom Hand #258436918379:  Hold'em No Limit (€0.05/€0.10) - 2025/11/08 20:58:14 CET [2025/11/08 14:58:14 ET]
Table 'Caph' 6-max Seat #1 is the button
Seat 1: DiferentUser (€14.21 in chips) 
Seat 2: inchill (€16.32 in chips) 
Seat 3: FRED0?584 (€4.13 in chips) 
Seat 4: Enriqueta1977 (€10 in chips) 
Seat 5: seb51 (€9.68 in chips) 
Seat 6: pipinoelbreve9 (€16.66 in chips) 
inchill: posts small blind €0.05
FRED0?584: posts big blind €0.10
*** HOLE CARDS ***
Dealt to pipinoelbreve9 [Td Kd]
Enriqueta1977: folds 
seb51: folds 
pipinoelbreve9: raises €0.15 to €0.25
DiferentUser: folds 
inchill: folds 
FRED0?584: folds 
Uncalled bet (€0.15) returned to pipinoelbreve9
pipinoelbreve9 collected €0.25 from pot
pipinoelbreve9: doesn't show hand 
*** SUMMARY ***
Total pot €0.25 | Rake €0 
Seat 1: DiferentUser (button) folded before Flop (didn't bet)
Seat 2: inchill (small blind) folded before Flop
Seat 3: FRED0?584 (big blind) folded before Flop
Seat 4: Enriqueta1977 folded before Flop (didn't bet)
Seat 5: seb51 folded before Flop (didn't bet)
Seat 6: pipinoelbreve9 collected (€0.25)



PokerStars Zoom Hand #258436926889:  Hold'em No Limit (€0.05/€0.10) - 2025/11/08 20:59:09 CET [2025/11/08 14:59:09 ET]
Table 'Caph' 6-max Seat #1 is the button
Seat 1: DiferentUser (€14.01 in chips) 
Seat 2: pipinoelbreve9 (€16.71 in chips) 
Seat 3: marc4682 (€5.38 in chips) 
Seat 4: bobette59500 (€8.40 in chips) 
Seat 5: djoelix173 (€5.46 in chips) 
Seat 6: SuperPiña2 (€11.56 in chips) 
pipinoelbreve9: posts small blind €0.05
marc4682: posts big blind €0.10
*** HOLE CARDS ***
Dealt to pipinoelbreve9 [Jc 3s]
bobette59500: folds 
djoelix173: raises €0.20 to €0.30
SuperPiña2: folds 
DiferentUser: raises €0.70 to €1
pipinoelbreve9: folds 
marc4682: folds 
djoelix173: calls €0.70
*** FLOP *** [5s 2s Kc]
djoelix173: bets €2.04
DiferentUser: calls €2.04
*** TURN *** [5s 2s Kc] [Qd]
djoelix173: bets €2.42 and is all-in
DiferentUser: calls €2.42
*** RIVER *** [5s 2s Kc Qd] [Td]
*** SHOW DOWN ***
djoelix173: shows [Qc Kd] (two pair, Kings and Queens)
DiferentUser: shows [8s 9s] (high card King)
djoelix173 collected €10.52 from pot
*** SUMMARY ***
Total pot €11.07 | Rake €0.55 
Board [5s 2s Kc Qd Td]
Seat 1: DiferentUser (button) showed [8s 9s] and lost with high card King
Seat 2: pipinoelbreve9 (small blind) folded before Flop
Seat 3: marc4682 (big blind) folded before Flop
Seat 4: bobette59500 folded before Flop (didn't bet)
Seat 5: djoelix173 showed [Qc Kd] and won (€10.52) with two pair, Kings and Queens
Seat 6: SuperPiña2 folded before Flop (didn't bet)



PokerStars Zoom Hand #258436927997:  Hold'em No Limit (€0.05/€0.10) - 2025/11/08 20:59:15 CET [2025/11/08 14:59:15 ET]
Table 'Caph' 6-max Seat #1 is the button
Seat 1: pipinoelbreve9 (€16.66 in chips) 
Seat 2: Ius-Money (€10.04 in chips) 
Seat 3: Enriqueta1977 (€10.40 in chips) 
Seat 4: AntiHestamine (€20.89 in chips) 
Seat 5: inchill (€17.22 in chips) 
Seat 6: Munia14 (€11.51 in chips) 
Ius-Money: posts small blind €0.05
Enriqueta1977: posts big blind €0.10
*** HOLE CARDS ***
Dealt to pipinoelbreve9 [5d 5h]
AntiHestamine: folds 
inchill: folds 
Munia14: raises €0.13 to €0.23
pipinoelbreve9: calls €0.23
Ius-Money: folds 
Enriqueta1977: folds 
*** FLOP *** [8c 2h Tc]
Munia14: checks 
pipinoelbreve9: bets €0.19
Munia14: folds 
Uncalled bet (€0.19) returned to pipinoelbreve9
pipinoelbreve9 collected €0.58 from pot
pipinoelbreve9: doesn't show hand 
*** SUMMARY ***
Total pot €0.61 | Rake €0.03 
Board [8c 2h Tc]
Seat 1: pipinoelbreve9 (button) collected (€0.58)
Seat 2: Ius-Money (small blind) folded before Flop
Seat 3: Enriqueta1977 (big blind) folded before Flop
Seat 4: AntiHestamine folded before Flop (didn't bet)
Seat 5: inchill folded before Flop (didn't bet)
Seat 6: Munia14 folded on the Flop



PokerStars Zoom Hand #258436933864:  Hold'em No Limit (€0.05/€0.10) - 2025/11/08 20:59:53 CET [2025/11/08 14:59:53 ET]
Table 'Caph' 6-max Seat #1 is the button
Seat 1: MAVERICK298 (€8.68 in chips) 
Seat 2: Pinchoglobo (€10.24 in chips) 
Seat 3: JAM.FCM (€2.74 in chips) 
Seat 4: al3xitto25 (€8.66 in chips) 
Seat 5: Iggnatius (€15.01 in chips) 
Seat 6: pipinoelbreve9 (€17.01 in chips) 
Pinchoglobo: posts small blind €0.05
JAM.FCM: posts big blind €0.10
*** HOLE CARDS ***
Dealt to pipinoelbreve9 [8h Kc]
al3xitto25: folds 
Iggnatius: folds 
pipinoelbreve9: folds 
MAVERICK298: folds 
Pinchoglobo: folds 
Uncalled bet (€0.05) returned to JAM.FCM
JAM.FCM collected €0.10 from pot
JAM.FCM: doesn't show hand 
*** SUMMARY ***
Total pot €0.10 | Rake €0 
Seat 1: MAVERICK298 (button) folded before Flop (didn't bet)
Seat 2: Pinchoglobo (small blind) folded before Flop
Seat 3: JAM.FCM (big blind) collected (€0.10)
Seat 4: al3xitto25 folded before Flop (didn't bet)
Seat 5: Iggnatius folded before Flop (didn't bet)
Seat 6: pipinoelbreve9 folded before Flop (didn't bet)



PokerStars Zoom Hand #258436925120:  Hold'em No Limit (€0.05/€0.10) - 2025/11/08 20:58:57 CET [2025/11/08 14:58:57 ET]
Table 'Caph' 6-max Seat #1 is the button
Seat 1: jandron13 (€6.15 in chips) 
Seat 2: Josky756 (€5.03 in chips) 
Seat 3: pipinoelbreve9 (€16.81 in chips) 
Seat 4: neanderthal3 (€5 in chips) 
Seat 5: réflexion (€5.40 in chips) 
Seat 6: neel ic (€3.19 in chips) 
Josky756: posts small blind €0.05
pipinoelbreve9: posts big blind €0.10
*** HOLE CARDS ***
Dealt to pipinoelbreve9 [3s 4d]
neanderthal3: raises €0.20 to €0.30
réflexion: calls €0.30
neel ic: calls €0.30
jandron13: folds 
Josky756: folds 
pipinoelbreve9: folds 
*** FLOP *** [Kc 5s Ac]
neanderthal3: checks 
réflexion: bets €0.50
neel ic: calls €0.50
neanderthal3: calls €0.50
*** TURN *** [Kc 5s Ac] [6h]
neanderthal3: checks 
réflexion: bets €0.71
neel ic: calls €0.71
neanderthal3: calls €0.71
*** RIVER *** [Kc 5s Ac 6h] [2c]
neanderthal3: bets €3.49 and is all-in
réflexion: folds 
neel ic: calls €1.68 and is all-in
Uncalled bet (€1.81) returned to neanderthal3
*** SHOW DOWN ***
neanderthal3: shows [Jc Qc] (a flush, Ace high)
neel ic: shows [4h Ad] (a pair of Aces)
neanderthal3 collected €7.64 from pot
*** SUMMARY ***
Total pot €8.04 | Rake €0.40 
Board [Kc 5s Ac 6h 2c]
Seat 1: jandron13 (button) folded before Flop (didn't bet)
Seat 2: Josky756 (small blind) folded before Flop
Seat 3: pipinoelbreve9 (big blind) folded before Flop
Seat 4: neanderthal3 showed [Jc Qc] and won (€7.64) with a flush, Ace high
Seat 5: réflexion folded on the River
Seat 6: neel ic showed [4h Ad] and lost with a pair of Aces



PokerStars Zoom Hand #258436935247:  Hold'em No Limit (€0.05/€0.10) - 2025/11/08 21:00:01 CET [2025/11/08 15:00:01 ET]
Table 'Caph' 6-max Seat #1 is the button
Seat 1: jandron13 (€11.60 in chips) 
Seat 2: Josky756 (€4.60 in chips) 
Seat 3: markargibay (€7.33 in chips) 
Seat 4: neanderthal3 (€4.71 in chips) 
Seat 5: pipinoelbreve9 (€17.01 in chips) 
Seat 6: Munia14 (€11.33 in chips) 
Josky756: posts small blind €0.05
markargibay: posts big blind €0.10
*** HOLE CARDS ***
Dealt to pipinoelbreve9 [Tc Ac]
neanderthal3: folds 
pipinoelbreve9: raises €0.15 to €0.25
Munia14: folds 
jandron13: folds 
Josky756: calls €0.20
markargibay: folds 
*** FLOP *** [5s 8d Jc]
Josky756: checks 
pipinoelbreve9: checks 
*** TURN *** [5s 8d Jc] [Ks]
Josky756: bets €0.29
pipinoelbreve9: calls €0.29
*** RIVER *** [5s 8d Jc Ks] [Js]
Josky756: bets €0.66
pipinoelbreve9: folds 
Uncalled bet (€0.66) returned to Josky756
Josky756 collected €1.12 from pot
Josky756: doesn't show hand 
*** SUMMARY ***
Total pot €1.18 | Rake €0.06 
Board [5s 8d Jc Ks Js]
Seat 1: jandron13 (button) folded before Flop (didn't bet)
Seat 2: Josky756 (small blind) collected (€1.12)
Seat 3: markargibay (big blind) folded before Flop
Seat 4: neanderthal3 folded before Flop (didn't bet)
Seat 5: pipinoelbreve9 folded on the River
Seat 6: Munia14 folded before Flop (didn't bet)



PokerStars Zoom Hand #258436944926:  Hold'em No Limit (€0.05/€0.10) - 2025/11/08 21:00:59 CET [2025/11/08 15:00:59 ET]
Table 'Caph' 6-max Seat #1 is the button
Seat 1: pipinoelbreve9 (€16.47 in chips) 
Seat 2: al3xitto25 (€11.01 in chips) 
Seat 3: DiferentUser (€11.53 in chips) 
Seat 4: TiltFiction (€10 in chips) 
Seat 5: seb51 (€8.86 in chips) 
Seat 6: Enriqueta1977 (€10.54 in chips) 
al3xitto25: posts small blind €0.05
DiferentUser: posts big blind €0.10
*** HOLE CARDS ***
Dealt to pipinoelbreve9 [9c 6h]
TiltFiction: folds 
seb51: folds 
Enriqueta1977: folds 
pipinoelbreve9: folds 
al3xitto25: folds 
Uncalled bet (€0.05) returned to DiferentUser
DiferentUser collected €0.10 from pot
DiferentUser: doesn't show hand 
*** SUMMARY ***
Total pot €0.10 | Rake €0 
Seat 1: pipinoelbreve9 (button) folded before Flop (didn't bet)
Seat 2: al3xitto25 (small blind) folded before Flop
Seat 3: DiferentUser (big blind) collected (€0.10)
Seat 4: TiltFiction folded before Flop (didn't bet)
Seat 5: seb51 folded before Flop (didn't bet)
Seat 6: Enriqueta1977 folded before Flop (didn't bet)



PokerStars Zoom Hand #258436946734:  Hold'em No Limit (€0.05/€0.10) - 2025/11/08 21:01:08 CET [2025/11/08 15:01:08 ET]
Table 'Caph' 6-max Seat #1 is the button
Seat 1: Munia14 (€11.28 in chips) 
Seat 2: Have2LeaveSpace (€18.64 in chips) 
Seat 3: italiano125 (€5.77 in chips) 
Seat 4: al3xitto25 (€10.96 in chips) 
Seat 5: pipinoelbreve9 (€16.47 in chips) 
Seat 6: jeandu56 (€5.51 in chips) 
Have2LeaveSpace: posts small blind €0.05
italiano125: posts big blind €0.10
*** HOLE CARDS ***
Dealt to pipinoelbreve9 [As Jc]
al3xitto25: folds 
pipinoelbreve9: raises €0.15 to €0.25
jeandu56: folds 
Munia14: folds 
Have2LeaveSpace: folds 
italiano125: folds 
Uncalled bet (€0.15) returned to pipinoelbreve9
pipinoelbreve9 collected €0.25 from pot
pipinoelbreve9: doesn't show hand 
*** SUMMARY ***
Total pot €0.25 | Rake €0 
Seat 1: Munia14 (button) folded before Flop (didn't bet)
Seat 2: Have2LeaveSpace (small blind) folded before Flop
Seat 3: italiano125 (big blind) folded before Flop
Seat 4: al3xitto25 folded before Flop (didn't bet)
Seat 5: pipinoelbreve9 collected (€0.25)
Seat 6: jeandu56 folded before Flop (didn't bet)



PokerStars Zoom Hand #258436950656:  Hold'em No Limit (€0.05/€0.10) - 2025/11/08 21:01:28 CET [2025/11/08 15:01:28 ET]
Table 'Caph' 6-max Seat #1 is the button
Seat 1: IlAbruzzi (€3.86 in chips) 
Seat 2: pegnis (€4.17 in chips) 
Seat 3: FFfast15 (€10.97 in chips) 
Seat 4: carine1076 (€11.16 in chips) 
Seat 5: DiferentUser (€11.58 in chips) 
Seat 6: pipinoelbreve9 (€16.62 in chips) 
pegnis: posts small blind €0.05
FFfast15: posts big blind €0.10
*** HOLE CARDS ***
Dealt to pipinoelbreve9 [4h Qc]
carine1076: folds 
DiferentUser: raises €0.20 to €0.30
pipinoelbreve9: folds 
IlAbruzzi: folds 
pegnis: folds 
FFfast15: calls €0.20
*** FLOP *** [7c 5c 7s]
FFfast15: checks 
DiferentUser: checks 
*** TURN *** [7c 5c 7s] [Th]
FFfast15: bets €0.40
DiferentUser: calls €0.40
*** RIVER *** [7c 5c 7s Th] [Jc]
FFfast15: bets €0.10
DiferentUser: calls €0.10
*** SHOW DOWN ***
FFfast15: shows [Ad 7h] (three of a kind, Sevens)
DiferentUser: mucks hand 
FFfast15 collected €1.57 from pot
*** SUMMARY ***
Total pot €1.65 | Rake €0.08 
Board [7c 5c 7s Th Jc]
Seat 1: IlAbruzzi (button) folded before Flop (didn't bet)
Seat 2: pegnis (small blind) folded before Flop
Seat 3: FFfast15 (big blind) showed [Ad 7h] and won (€1.57) with three of a kind, Sevens
Seat 4: carine1076 folded before Flop (didn't bet)
Seat 5: DiferentUser mucked [Td Qd]
Seat 6: pipinoelbreve9 folded before Flop (didn't bet)



PokerStars Zoom Hand #258436952416:  Hold'em No Limit (€0.05/€0.10) - 2025/11/08 21:01:38 CET [2025/11/08 15:01:38 ET]
Table 'Caph' 6-max Seat #1 is the button
Seat 1: réflexion (€6.44 in chips) 
Seat 2: SuperPiña2 (€11.16 in chips) 
Seat 3: pipinoelbreve9 (€16.62 in chips) 
Seat 4: MAVERICK298 (€16.47 in chips) 
Seat 5: bobette59500 (€7.14 in chips) 
Seat 6: Iggnatius (€16.71 in chips) 
SuperPiña2: posts small blind €0.05
pipinoelbreve9: posts big blind €0.10
*** HOLE CARDS ***
Dealt to pipinoelbreve9 [8s Ts]
MAVERICK298: raises €0.14 to €0.24
bobette59500: calls €0.24
Iggnatius: folds 
réflexion: folds 
SuperPiña2: folds 
pipinoelbreve9: calls €0.14
*** FLOP *** [2s 9c Ks]
pipinoelbreve9: checks 
MAVERICK298: checks 
bobette59500: checks 
*** TURN *** [2s 9c Ks] [8d]
pipinoelbreve9: bets €0.60
MAVERICK298: calls €0.60
bobette59500: calls €0.60
*** RIVER *** [2s 9c Ks 8d] [Qh]
pipinoelbreve9: checks 
MAVERICK298: checks 
bobette59500: checks 
*** SHOW DOWN ***
pipinoelbreve9: shows [8s Ts] (a pair of Eights)
MAVERICK298: shows [Td 9d] (a pair of Nines)
bobette59500: shows [Th Qc] (a pair of Queens)
bobette59500 collected €2.44 from pot
*** SUMMARY ***
Total pot €2.57 | Rake €0.13 
Board [2s 9c Ks 8d Qh]
Seat 1: réflexion (button) folded before Flop (didn't bet)
Seat 2: SuperPiña2 (small blind) folded before Flop
Seat 3: pipinoelbreve9 (big blind) showed [8s Ts] and lost with a pair of Eights
Seat 4: MAVERICK298 showed [Td 9d] and lost with a pair of Nines
Seat 5: bobette59500 showed [Th Qc] and won (€2.44) with a pair of Queens
Seat 6: Iggnatius folded before Flop (didn't bet)



PokerStars Zoom Hand #258436959956:  Hold'em No Limit (€0.05/€0.10) - 2025/11/08 21:02:13 CET [2025/11/08 15:02:13 ET]
Table 'Caph' 6-max Seat #1 is the button
Seat 1: Ius-Money (€10.66 in chips) 
Seat 2: pipinoelbreve9 (€15.78 in chips) 
Seat 3: MAVERICK298 (€15.63 in chips) 
Seat 4: bobette59500 (€8.74 in chips) 
Seat 5: riomagico (€7.28 in chips) 
Seat 6: Pinchoglobo (€11.19 in chips) 
pipinoelbreve9: posts small blind €0.05
MAVERICK298: posts big blind €0.10
*** HOLE CARDS ***
Dealt to pipinoelbreve9 [2s Ts]
bobette59500: raises €0.20 to €0.30
riomagico: folds 
Pinchoglobo: folds 
Ius-Money: folds 
pipinoelbreve9: folds 
MAVERICK298: folds 
Uncalled bet (€0.20) returned to bobette59500
bobette59500 collected €0.25 from pot
bobette59500: doesn't show hand 
*** SUMMARY ***
Total pot €0.25 | Rake €0 
Seat 1: Ius-Money (button) folded before Flop (didn't bet)
Seat 2: pipinoelbreve9 (small blind) folded before Flop
Seat 3: MAVERICK298 (big blind) folded before Flop
Seat 4: bobette59500 collected (€0.25)
Seat 5: riomagico folded before Flop (didn't bet)
Seat 6: Pinchoglobo folded before Flop (didn't bet)



PokerStars Zoom Hand #258436961633:  Hold'em No Limit (€0.05/€0.10) - 2025/11/08 21:02:20 CET [2025/11/08 15:02:20 ET]
Table 'Caph' 6-max Seat #1 is the button
Seat 1: al3xitto25 (€7.37 in chips) 
Seat 2: DiferentUser (€9.55 in chips) 
Seat 3: FFfast15 (€11.89 in chips) 
Seat 4: pipinoelbreve9 (€15.73 in chips) 
Seat 5: jeandu56 (€5.06 in chips) 
Seat 6: neanderthal3 (€4.31 in chips) 
DiferentUser: posts small blind €0.05
FFfast15: posts big blind €0.10
*** HOLE CARDS ***
Dealt to pipinoelbreve9 [Ks Jd]
pipinoelbreve9: raises €0.15 to €0.25
jeandu56: calls €0.25
neanderthal3: folds 
al3xitto25: folds 
DiferentUser: folds 
FFfast15: calls €0.15
*** FLOP *** [6d Ac 6h]
FFfast15: checks 
pipinoelbreve9: bets €0.25
jeandu56: calls €0.25
FFfast15: folds 
*** TURN *** [6d Ac 6h] [4h]
pipinoelbreve9: checks 
jeandu56: checks 
*** RIVER *** [6d Ac 6h 4h] [Kd]
pipinoelbreve9: checks 
jeandu56: checks 
*** SHOW DOWN ***
pipinoelbreve9: shows [Ks Jd] (two pair, Kings and Sixes)
jeandu56: mucks hand 
pipinoelbreve9 collected €1.24 from pot
*** SUMMARY ***
Total pot €1.30 | Rake €0.06 
Board [6d Ac 6h 4h Kd]
Seat 1: al3xitto25 (button) folded before Flop (didn't bet)
Seat 2: DiferentUser (small blind) folded before Flop
Seat 3: FFfast15 (big blind) folded on the Flop
Seat 4: pipinoelbreve9 showed [Ks Jd] and won (€1.24) with two pair, Kings and Sixes
Seat 5: jeandu56 mucked [Tc Th]
Seat 6: neanderthal3 folded before Flop (didn't bet)



PokerStars Zoom Hand #258436971562:  Hold'em No Limit (€0.05/€0.10) - 2025/11/08 21:03:03 CET [2025/11/08 15:03:03 ET]
Table 'Caph' 6-max Seat #1 is the button
Seat 1: pipinoelbreve9 (€16.47 in chips) 
Seat 2: riomagico (€7.43 in chips) 
Seat 3: unbalancedman (€13.96 in chips) 
Seat 4: Iggnatius (€10.41 in chips) 
Seat 5: réflexion (€5.11 in chips) 
Seat 6: Enriqueta1977 (€10.91 in chips) 
riomagico: posts small blind €0.05
unbalancedman: posts big blind €0.10
*** HOLE CARDS ***
Dealt to pipinoelbreve9 [Ks 7h]
Iggnatius: folds 
réflexion: folds 
Enriqueta1977: folds 
pipinoelbreve9: raises €0.15 to €0.25
riomagico: raises €0.65 to €0.90
unbalancedman: folds 
pipinoelbreve9: folds 
Uncalled bet (€0.65) returned to riomagico
riomagico collected €0.60 from pot
riomagico: doesn't show hand 
*** SUMMARY ***
Total pot €0.60 | Rake €0 
Seat 1: pipinoelbreve9 (button) folded before Flop
Seat 2: riomagico (small blind) collected (€0.60)
Seat 3: unbalancedman (big blind) folded before Flop
Seat 4: Iggnatius folded before Flop (didn't bet)
Seat 5: réflexion folded before Flop (didn't bet)
Seat 6: Enriqueta1977 folded before Flop (didn't bet)



PokerStars Zoom Hand #258436977877:  Hold'em No Limit (€0.05/€0.10) - 2025/11/08 21:03:31 CET [2025/11/08 15:03:31 ET]
Table 'Caph' 6-max Seat #1 is the button
Seat 1: pegnis (€4.64 in chips) 
Seat 2: italiano125 (€5.26 in chips) 
Seat 3: pipinoelbreve9 (€16.22 in chips) 
Seat 4: DiferentUser (€9.80 in chips) 
Seat 5: joanj90 (€4.63 in chips) 
Seat 6: inchill (€17.38 in chips) 
italiano125: posts small blind €0.05
pipinoelbreve9: posts big blind €0.10
*** HOLE CARDS ***
Dealt to pipinoelbreve9 [5s 7d]
DiferentUser: folds 
joanj90: calls €0.10
inchill: folds 
pegnis: folds 
italiano125: folds 
pipinoelbreve9: checks 
*** FLOP *** [Ah Kc 4d]
pipinoelbreve9: checks 
joanj90: bets €0.24
pipinoelbreve9: folds 
Uncalled bet (€0.24) returned to joanj90
joanj90 collected €0.24 from pot
joanj90: doesn't show hand 
*** SUMMARY ***
Total pot €0.25 | Rake €0.01 
Board [Ah Kc 4d]
Seat 1: pegnis (button) folded before Flop (didn't bet)
Seat 2: italiano125 (small blind) folded before Flop
Seat 3: pipinoelbreve9 (big blind) folded on the Flop
Seat 4: DiferentUser folded before Flop (didn't bet)
Seat 5: joanj90 collected (€0.24)
Seat 6: inchill folded before Flop (didn't bet)



PokerStars Zoom Hand #258436970558:  Hold'em No Limit (€0.05/€0.10) - 2025/11/08 21:02:59 CET [2025/11/08 15:02:59 ET]
Table 'Caph' 6-max Seat #1 is the button
Seat 1: réflexion (€3.97 in chips) 
Seat 2: Iggnatius (€10.46 in chips) 
Seat 3: pegnis (€4.59 in chips) 
Seat 4: pipinoelbreve9 (€16.47 in chips) 
Seat 5: Have2LeaveSpace (€13.66 in chips) 
Seat 6: Ferruu4 (€9.07 in chips) 
Iggnatius: posts small blind €0.05
pegnis: posts big blind €0.10
*** HOLE CARDS ***
Dealt to pipinoelbreve9 [9h 7s]
pipinoelbreve9: folds 
Have2LeaveSpace: raises €0.13 to €0.23
Ferruu4: calls €0.23
réflexion: folds 
Iggnatius: folds 
pegnis: folds 
*** FLOP *** [Td 5s 3s]
Have2LeaveSpace: checks 
Ferruu4: checks 
*** TURN *** [Td 5s 3s] [Qs]
Have2LeaveSpace: bets €0.44
Ferruu4: folds 
Uncalled bet (€0.44) returned to Have2LeaveSpace
Have2LeaveSpace collected €0.58 from pot
Have2LeaveSpace: doesn't show hand 
*** SUMMARY ***
Total pot €0.61 | Rake €0.03 
Board [Td 5s 3s Qs]
Seat 1: réflexion (button) folded before Flop (didn't bet)
Seat 2: Iggnatius (small blind) folded before Flop
Seat 3: pegnis (big blind) folded before Flop
Seat 4: pipinoelbreve9 folded before Flop (didn't bet)
Seat 5: Have2LeaveSpace collected (€0.58)
Seat 6: Ferruu4 folded on the Turn



PokerStars Zoom Hand #258436982673:  Hold'em No Limit (€0.05/€0.10) - 2025/11/08 21:03:52 CET [2025/11/08 15:03:52 ET]
Table 'Caph' 6-max Seat #1 is the button
Seat 1: jeandu56 (€4.21 in chips) 
Seat 2: pipinoelbreve9 (€16.12 in chips) 
Seat 3: al3xitto25 (€10.36 in chips) 
Seat 4: Have2LeaveSpace (€19.21 in chips) 
Seat 5: inchill (€17.38 in chips) 
Seat 6: MAVERICK298 (€15.18 in chips) 
pipinoelbreve9: posts small blind €0.05
al3xitto25: posts big blind €0.10
*** HOLE CARDS ***
Dealt to pipinoelbreve9 [3c Qs]
Have2LeaveSpace: folds 
inchill: folds 
MAVERICK298: folds 
jeandu56: folds 
pipinoelbreve9: folds 
Uncalled bet (€0.05) returned to al3xitto25
al3xitto25 collected €0.10 from pot
al3xitto25: doesn't show hand 
*** SUMMARY ***
Total pot €0.10 | Rake €0 
Seat 1: jeandu56 (button) folded before Flop (didn't bet)
Seat 2: pipinoelbreve9 (small blind) folded before Flop
Seat 3: al3xitto25 (big blind) collected (€0.10)
Seat 4: Have2LeaveSpace folded before Flop (didn't bet)
Seat 5: inchill folded before Flop (didn't bet)
Seat 6: MAVERICK298 folded before Flop (didn't bet)



PokerStars Zoom Hand #258436976035:  Hold'em No Limit (€0.05/€0.10) - 2025/11/08 21:03:23 CET [2025/11/08 15:03:23 ET]
Table 'Caph' 6-max Seat #1 is the button
Seat 1: al3xitto25 (€10.41 in chips) 
Seat 2: réflexion (€5.01 in chips) 
Seat 3: Iggnatius (€10.41 in chips) 
Seat 4: Chendoteam (€12.31 in chips) 
Seat 5: Have2LeaveSpace (€14.81 in chips) 
Seat 6: pipinoelbreve9 (€16.22 in chips) 
réflexion: posts small blind €0.05
Iggnatius: posts big blind €0.10
*** HOLE CARDS ***
Dealt to pipinoelbreve9 [3d 2c]
Chendoteam: calls €0.10
Have2LeaveSpace: raises €0.30 to €0.40
pipinoelbreve9: folds 
al3xitto25: folds 
réflexion: calls €0.35
Iggnatius: folds 
Chendoteam: calls €0.30
*** FLOP *** [Ts 3s Ks]
réflexion: checks 
Chendoteam: checks 
Have2LeaveSpace: bets €0.41
réflexion: calls €0.41
Chendoteam: folds 
*** TURN *** [Ts 3s Ks] [6h]
réflexion: checks 
Have2LeaveSpace: bets €1.51
réflexion: folds 
Uncalled bet (€1.51) returned to Have2LeaveSpace
Have2LeaveSpace collected €2.01 from pot
Have2LeaveSpace: doesn't show hand 
*** SUMMARY ***
Total pot €2.12 | Rake €0.11 
Board [Ts 3s Ks 6h]
Seat 1: al3xitto25 (button) folded before Flop (didn't bet)
Seat 2: réflexion (small blind) folded on the Turn
Seat 3: Iggnatius (big blind) folded before Flop
Seat 4: Chendoteam folded on the Flop
Seat 5: Have2LeaveSpace collected (€2.01)
Seat 6: pipinoelbreve9 folded before Flop (didn't bet)



PokerStars Zoom Hand #258436984303:  Hold'em No Limit (€0.05/€0.10) - 2025/11/08 21:03:59 CET [2025/11/08 15:03:59 ET]
Table 'Caph' 6-max Seat #1 is the button
Seat 1: Arjunip (€8.32 in chips) 
Seat 2: Have2LeaveSpace (€14.01 in chips) 
Seat 3: Iggnatius (€10.26 in chips) 
Seat 4: JAM.FCM (€3.88 in chips) 
Seat 5: pipinoelbreve9 (€16.07 in chips) 
Seat 6: KKKJJJ730 (€10 in chips) 
Have2LeaveSpace: posts small blind €0.05
Iggnatius: posts big blind €0.10
*** HOLE CARDS ***
Dealt to pipinoelbreve9 [5s Td]
JAM.FCM: folds 
pipinoelbreve9: folds 
KKKJJJ730: folds 
Arjunip: folds 
Have2LeaveSpace: folds 
Uncalled bet (€0.05) returned to Iggnatius
Iggnatius collected €0.10 from pot
Iggnatius: doesn't show hand 
*** SUMMARY ***
Total pot €0.10 | Rake €0 
Seat 1: Arjunip (button) folded before Flop (didn't bet)
Seat 2: Have2LeaveSpace (small blind) folded before Flop
Seat 3: Iggnatius (big blind) collected (€0.10)
Seat 4: JAM.FCM folded before Flop (didn't bet)
Seat 5: pipinoelbreve9 folded before Flop (didn't bet)
Seat 6: KKKJJJ730 folded before Flop (didn't bet)



PokerStars Zoom Hand #258436985369:  Hold'em No Limit (€0.05/€0.10) - 2025/11/08 21:04:04 CET [2025/11/08 15:04:04 ET]
Table 'Caph' 6-max Seat #1 is the button
Seat 1: riomagico (€7.66 in chips) 
Seat 2: MAVERICK298 (€8.57 in chips) 
Seat 3: JAM.FCM (€3.88 in chips) 
Seat 4: pipinoelbreve9 (€16.07 in chips) 
Seat 5: neanderthal3 (€4.31 in chips) 
Seat 6: SuperPiña2 (€11.42 in chips) 
MAVERICK298: posts small blind €0.05
JAM.FCM: posts big blind €0.10
*** HOLE CARDS ***
Dealt to pipinoelbreve9 [Kc 8d]
pipinoelbreve9: folds 
neanderthal3: folds 
SuperPiña2: folds 
riomagico: folds 
MAVERICK298: raises €0.14 to €0.24
JAM.FCM: calls €0.14
*** FLOP *** [4c Ac 9h]
MAVERICK298: checks 
JAM.FCM: bets €0.46
MAVERICK298: folds 
Uncalled bet (€0.46) returned to JAM.FCM
JAM.FCM collected €0.46 from pot
JAM.FCM: doesn't show hand 
*** SUMMARY ***
Total pot €0.48 | Rake €0.02 
Board [4c Ac 9h]
Seat 1: riomagico (button) folded before Flop (didn't bet)
Seat 2: MAVERICK298 (small blind) folded on the Flop
Seat 3: JAM.FCM (big blind) collected (€0.46)
Seat 4: pipinoelbreve9 folded before Flop (didn't bet)
Seat 5: neanderthal3 folded before Flop (didn't bet)
Seat 6: SuperPiña2 folded before Flop (didn't bet)



PokerStars Zoom Hand #258436988066:  Hold'em No Limit (€0.05/€0.10) - 2025/11/08 21:04:15 CET [2025/11/08 15:04:15 ET]
Table 'Caph' 6-max Seat #1 is the button
Seat 1: riomagico (€9.27 in chips) 
Seat 2: neanderthal3 (€3.87 in chips) 
Seat 3: KKKJJJ730 (€10 in chips) 
Seat 4: Iggnatius (€28.69 in chips) 
Seat 5: réflexion (€4.20 in chips) 
Seat 6: pipinoelbreve9 (€16.07 in chips) 
neanderthal3: posts small blind €0.05
KKKJJJ730: posts big blind €0.10
*** HOLE CARDS ***
Dealt to pipinoelbreve9 [Qd 8h]
Iggnatius: folds 
réflexion: folds 
pipinoelbreve9: folds 
riomagico: folds 
neanderthal3: raises €0.20 to €0.30
KKKJJJ730: folds 
Uncalled bet (€0.20) returned to neanderthal3
neanderthal3 collected €0.20 from pot
neanderthal3: doesn't show hand 
*** SUMMARY ***
Total pot €0.20 | Rake €0 
Seat 1: riomagico (button) folded before Flop (didn't bet)
Seat 2: neanderthal3 (small blind) collected (€0.20)
Seat 3: KKKJJJ730 (big blind) folded before Flop
Seat 4: Iggnatius folded before Flop (didn't bet)
Seat 5: réflexion folded before Flop (didn't bet)
Seat 6: pipinoelbreve9 folded before Flop (didn't bet)



PokerStars Zoom Hand #258436991211:  Hold'em No Limit (€0.05/€0.10) - 2025/11/08 21:04:29 CET [2025/11/08 15:04:29 ET]
Table 'Caph' 6-max Seat #1 is the button
Seat 1: Horion kez (€18.39 in chips) 
Seat 2: marc4682 (€6.04 in chips) 
Seat 3: pipinoelbreve9 (€16.07 in chips) 
Seat 4: al3xitto25 (€7.48 in chips) 
Seat 5: unbalancedman (€19.73 in chips) 
Seat 6: joanj90 (€4.67 in chips) 
marc4682: posts small blind €0.05
pipinoelbreve9: posts big blind €0.10
*** HOLE CARDS ***
Dealt to pipinoelbreve9 [5c 5s]
al3xitto25: folds 
unbalancedman: raises €0.20 to €0.30
joanj90: calls €0.30
Horion kez: calls €0.30
marc4682: calls €0.25
pipinoelbreve9: calls €0.20
*** FLOP *** [5h 7h Kd]
marc4682: checks 
pipinoelbreve9: checks 
unbalancedman: checks 
joanj90: bets €0.71
Horion kez: folds 
marc4682: folds 
pipinoelbreve9: calls €0.71
unbalancedman: folds 
*** TURN *** [5h 7h Kd] [As]
pipinoelbreve9: checks 
joanj90: checks 
*** RIVER *** [5h 7h Kd As] [6h]
pipinoelbreve9: checks 
joanj90: bets €1.39
pipinoelbreve9: calls €1.39
*** SHOW DOWN ***
joanj90: shows [Qh 8s] (high card Ace)
pipinoelbreve9: shows [5c 5s] (three of a kind, Fives)
pipinoelbreve9 collected €5.42 from pot
*** SUMMARY ***
Total pot €5.70 | Rake €0.28 
Board [5h 7h Kd As 6h]
Seat 1: Horion kez (button) folded on the Flop
Seat 2: marc4682 (small blind) folded on the Flop
Seat 3: pipinoelbreve9 (big blind) showed [5c 5s] and won (€5.42) with three of a kind, Fives
Seat 4: al3xitto25 folded before Flop (didn't bet)
Seat 5: unbalancedman folded on the Flop
Seat 6: joanj90 showed [Qh 8s] and lost with high card Ace



PokerStars Zoom Hand #258437004438:  Hold'em No Limit (€0.05/€0.10) - 2025/11/08 21:05:25 CET [2025/11/08 15:05:25 ET]
Table 'Caph' 6-max Seat #1 is the button
Seat 1: pipinoelbreve9 (€19.09 in chips) 
Seat 2: al3xitto25 (€10.21 in chips) 
Seat 3: unbalancedman (€13.22 in chips) 
Seat 4: lando1971 (€6.71 in chips) 
Seat 5: D0nAnKs (€53.73 in chips) 
Seat 6: riomagico (€7.61 in chips) 
al3xitto25: posts small blind €0.05
unbalancedman: posts big blind €0.10
*** HOLE CARDS ***
Dealt to pipinoelbreve9 [4s 8h]
lando1971: folds 
D0nAnKs: folds 
riomagico: folds 
pipinoelbreve9: folds 
al3xitto25: folds 
Uncalled bet (€0.05) returned to unbalancedman
unbalancedman collected €0.10 from pot
unbalancedman: doesn't show hand 
*** SUMMARY ***
Total pot €0.10 | Rake €0 
Seat 1: pipinoelbreve9 (button) folded before Flop (didn't bet)
Seat 2: al3xitto25 (small blind) folded before Flop
Seat 3: unbalancedman (big blind) collected (€0.10)
Seat 4: lando1971 folded before Flop (didn't bet)
Seat 5: D0nAnKs folded before Flop (didn't bet)
Seat 6: riomagico folded before Flop (didn't bet)



PokerStars Zoom Hand #258437006678:  Hold'em No Limit (€0.05/€0.10) - 2025/11/08 21:05:35 CET [2025/11/08 15:05:35 ET]
Table 'Caph' 6-max Seat #1 is the button
Seat 1: unbalancedman (€13.27 in chips) 
Seat 2: MAVERICK298 (€16.04 in chips) 
Seat 3: réflexion (€2.03 in chips) 
Seat 4: KKKJJJ730 (€17.58 in chips) 
Seat 5: pipinoelbreve9 (€19.04 in chips) 
Seat 6: FRED0?584 (€3.14 in chips) 
MAVERICK298: posts small blind €0.05
réflexion: posts big blind €0.10
*** HOLE CARDS ***
Dealt to pipinoelbreve9 [9c Js]
KKKJJJ730: raises €0.15 to €0.25
pipinoelbreve9: folds 
FRED0?584: folds 
unbalancedman: folds 
MAVERICK298: calls €0.20
réflexion: folds 
*** FLOP *** [5s 2s 2c]
MAVERICK298: checks 
KKKJJJ730: checks 
*** TURN *** [5s 2s 2c] [Qc]
MAVERICK298: checks 
KKKJJJ730: checks 
*** RIVER *** [5s 2s 2c Qc] [8s]
MAVERICK298: bets €0.57
KKKJJJ730: folds 
Uncalled bet (€0.57) returned to MAVERICK298
MAVERICK298 collected €0.57 from pot
MAVERICK298: doesn't show hand 
*** SUMMARY ***
Total pot €0.60 | Rake €0.03 
Board [5s 2s 2c Qc 8s]
Seat 1: unbalancedman (button) folded before Flop (didn't bet)
Seat 2: MAVERICK298 (small blind) collected (€0.57)
Seat 3: réflexion (big blind) folded before Flop
Seat 4: KKKJJJ730 folded on the River
Seat 5: pipinoelbreve9 folded before Flop (didn't bet)
Seat 6: FRED0?584 folded before Flop (didn't bet)



PokerStars Zoom Hand #258437005081:  Hold'em No Limit (€0.05/€0.10) - 2025/11/08 21:05:28 CET [2025/11/08 15:05:28 ET]
Table 'Caph' 6-max Seat #1 is the button
Seat 1: seb51 (€7.46 in chips) 
Seat 2: pipinoelbreve9 (€19.09 in chips) 
Seat 3: carine1076 (€12.41 in chips) 
Seat 4: réflexion (€6.04 in chips) 
Seat 5: SuperPiña2 (€10.87 in chips) 
Seat 6: djoelix173 (€14.10 in chips) 
pipinoelbreve9: posts small blind €0.05
carine1076: posts big blind €0.10
*** HOLE CARDS ***
Dealt to pipinoelbreve9 [3c 4s]
réflexion: folds 
SuperPiña2: raises €0.15 to €0.25
djoelix173: calls €0.25
seb51: calls €0.25
pipinoelbreve9: folds 
carine1076: calls €0.15
*** FLOP *** [Jc Jh Qs]
carine1076: checks 
SuperPiña2: checks 
djoelix173: checks 
seb51: bets €0.50
carine1076: folds 
SuperPiña2: folds 
djoelix173: folds 
Uncalled bet (€0.50) returned to seb51
seb51 collected €1 from pot
seb51: doesn't show hand 
*** SUMMARY ***
Total pot €1.05 | Rake €0.05 
Board [Jc Jh Qs]
Seat 1: seb51 (button) collected (€1)
Seat 2: pipinoelbreve9 (small blind) folded before Flop
Seat 3: carine1076 (big blind) folded on the Flop
Seat 4: réflexion folded before Flop (didn't bet)
Seat 5: SuperPiña2 folded on the Flop
Seat 6: djoelix173 folded on the Flop



PokerStars Zoom Hand #258437007811:  Hold'em No Limit (€0.05/€0.10) - 2025/11/08 21:05:39 CET [2025/11/08 15:05:39 ET]
Table 'Caph' 6-max Seat #1 is the button
Seat 1: riomagico (€8.10 in chips) 
Seat 2: Horion kez (€17.68 in chips) 
Seat 3: carmenberdun_ (€9.04 in chips) 
Seat 4: pipinoelbreve9 (€19.04 in chips) 
Seat 5: inchill (€15.75 in chips) 
Seat 6: markargibay (€5.13 in chips) 
Horion kez: posts small blind €0.05
carmenberdun_: posts big blind €0.10
*** HOLE CARDS ***
Dealt to pipinoelbreve9 [Ts Tc]
pipinoelbreve9: raises €0.15 to €0.25
inchill: folds 
markargibay: folds 
riomagico: folds 
Horion kez: folds 
carmenberdun_: calls €0.15
*** FLOP *** [8s Qs 7c]
carmenberdun_: checks 
pipinoelbreve9: bets €0.26
carmenberdun_: calls €0.26
*** TURN *** [8s Qs 7c] [4h]
carmenberdun_: checks 
pipinoelbreve9: checks 
*** RIVER *** [8s Qs 7c 4h] [Qh]
carmenberdun_: checks 
pipinoelbreve9: checks 
*** SHOW DOWN ***
carmenberdun_: shows [8c 7s] (two pair, Queens and Eights)
pipinoelbreve9: shows [Ts Tc] (two pair, Queens and Tens)
pipinoelbreve9 collected €1.02 from pot
*** SUMMARY ***
Total pot €1.07 | Rake €0.05 
Board [8s Qs 7c 4h Qh]
Seat 1: riomagico (button) folded before Flop (didn't bet)
Seat 2: Horion kez (small blind) folded before Flop
Seat 3: carmenberdun_ (big blind) showed [8c 7s] and lost with two pair, Queens and Eights
Seat 4: pipinoelbreve9 showed [Ts Tc] and won (€1.02) with two pair, Queens and Tens
Seat 5: inchill folded before Flop (didn't bet)
Seat 6: markargibay folded before Flop (didn't bet)



PokerStars Zoom Hand #258437018159:  Hold'em No Limit (€0.05/€0.10) - 2025/11/08 21:06:23 CET [2025/11/08 15:06:23 ET]
Table 'Caph' 6-max Seat #1 is the button
Seat 1: Ius-Money (€10.14 in chips) 
Seat 2: SuperPiña2 (€10.52 in chips) 
Seat 3: pipinoelbreve9 (€19.55 in chips) 
Seat 4: rabudo39 (€7.97 in chips) 
Seat 5: FFfast15 (€13.70 in chips) 
Seat 6: pajarillo23 (€10.77 in chips) 
SuperPiña2: posts small blind €0.05
pipinoelbreve9: posts big blind €0.10
*** HOLE CARDS ***
Dealt to pipinoelbreve9 [6c Qd]
rabudo39: folds 
FFfast15: folds 
pajarillo23: raises €0.15 to €0.25
Ius-Money: folds 
SuperPiña2: folds 
pipinoelbreve9: folds 
Uncalled bet (€0.15) returned to pajarillo23
pajarillo23 collected €0.25 from pot
pajarillo23: doesn't show hand 
*** SUMMARY ***
Total pot €0.25 | Rake €0 
Seat 1: Ius-Money (button) folded before Flop (didn't bet)
Seat 2: SuperPiña2 (small blind) folded before Flop
Seat 3: pipinoelbreve9 (big blind) folded before Flop
Seat 4: rabudo39 folded before Flop (didn't bet)
Seat 5: FFfast15 folded before Flop (didn't bet)
Seat 6: pajarillo23 collected (€0.25)



PokerStars Zoom Hand #258437021895:  Hold'em No Limit (€0.05/€0.10) - 2025/11/08 21:06:38 CET [2025/11/08 15:06:38 ET]
Table 'Caph' 6-max Seat #1 is the button
Seat 1: BasDost33 (€8.87 in chips) 
Seat 2: pipinoelbreve9 (€19.45 in chips) 
Seat 3: rabudo39 (€7.97 in chips) 
Seat 4: Horion kez (€17.33 in chips) 
Seat 5: markargibay (€4.28 in chips) 
Seat 6: djoelix173 (€14.17 in chips) 
pipinoelbreve9: posts small blind €0.05
rabudo39: posts big blind €0.10
*** HOLE CARDS ***
Dealt to pipinoelbreve9 [5d 6d]
Horion kez: folds 
markargibay: folds 
djoelix173: raises €0.20 to €0.30
BasDost33: folds 
pipinoelbreve9: raises €0.80 to €1.10
rabudo39: folds 
djoelix173: calls €0.80
*** FLOP *** [Jc Jd 5s]
pipinoelbreve9: bets €1.09
djoelix173: folds 
Uncalled bet (€1.09) returned to pipinoelbreve9
pipinoelbreve9 collected €2.18 from pot
pipinoelbreve9: doesn't show hand 
*** SUMMARY ***
Total pot €2.30 | Rake €0.12 
Board [Jc Jd 5s]
Seat 1: BasDost33 (button) folded before Flop (didn't bet)
Seat 2: pipinoelbreve9 (small blind) collected (€2.18)
Seat 3: rabudo39 (big blind) folded before Flop
Seat 4: Horion kez folded before Flop (didn't bet)
Seat 5: markargibay folded before Flop (didn't bet)
Seat 6: djoelix173 folded on the Flop



PokerStars Zoom Hand #258437016792:  Hold'em No Limit (€0.05/€0.10) - 2025/11/08 21:06:17 CET [2025/11/08 15:06:17 ET]
Table 'Caph' 6-max Seat #1 is the button
Seat 1: pipinoelbreve9 (€19.55 in chips) 
Seat 2: KKKJJJ730 (€17.23 in chips) 
Seat 3: shamara2015 (€9.16 in chips) 
Seat 4: réflexion (€6.04 in chips) 
Seat 5: pajarillo23 (€10.77 in chips) 
Seat 6: carmenberdun_ (€8.53 in chips) 
KKKJJJ730: posts small blind €0.05
shamara2015: posts big blind €0.10
*** HOLE CARDS ***
Dealt to pipinoelbreve9 [2c 8c]
réflexion: raises €0.25 to €0.35
pajarillo23: folds 
carmenberdun_: calls €0.35
pipinoelbreve9: folds 
KKKJJJ730: folds 
shamara2015: calls €0.25
*** FLOP *** [5c 2s Ad]
shamara2015: checks 
réflexion: checks 
carmenberdun_: checks 
*** TURN *** [5c 2s Ad] [Jc]
shamara2015: bets €0.74
réflexion: calls €0.74
carmenberdun_: calls €0.74
*** RIVER *** [5c 2s Ad Jc] [4h]
shamara2015: bets €1
réflexion: folds 
carmenberdun_: folds 
Uncalled bet (€1) returned to shamara2015
shamara2015 collected €3.15 from pot
shamara2015: doesn't show hand 
*** SUMMARY ***
Total pot €3.32 | Rake €0.17 
Board [5c 2s Ad Jc 4h]
Seat 1: pipinoelbreve9 (button) folded before Flop (didn't bet)
Seat 2: KKKJJJ730 (small blind) folded before Flop
Seat 3: shamara2015 (big blind) collected (€3.15)
Seat 4: réflexion folded on the River
Seat 5: pajarillo23 folded before Flop (didn't bet)
Seat 6: carmenberdun_ folded on the River



PokerStars Zoom Hand #258437029846:  Hold'em No Limit (€0.05/€0.10) - 2025/11/08 21:07:12 CET [2025/11/08 15:07:12 ET]
Table 'Caph' 6-max Seat #1 is the button
Seat 1: FFfast15 (€13.30 in chips) 
Seat 2: TIMBRERO (€9.16 in chips) 
Seat 3: jeandu56 (€4.62 in chips) 
Seat 4: Simgatto (€9.35 in chips) 
Seat 5: réflexion (€5.11 in chips) 
Seat 6: pipinoelbreve9 (€20.53 in chips) 
TIMBRERO: posts small blind €0.05
jeandu56: posts big blind €0.10
*** HOLE CARDS ***
Dealt to pipinoelbreve9 [4s 5s]
Simgatto: raises €0.20 to €0.30
réflexion: raises €0.70 to €1
pipinoelbreve9: folds 
FFfast15: folds 
TIMBRERO: folds 
jeandu56: folds 
Simgatto: calls €0.70
*** FLOP *** [Ts 3h 2h]
Simgatto: checks 
réflexion: checks 
*** TURN *** [Ts 3h 2h] [6d]
Simgatto: bets €1.02
réflexion: folds 
Uncalled bet (€1.02) returned to Simgatto
Simgatto collected €2.04 from pot
Simgatto: doesn't show hand 
*** SUMMARY ***
Total pot €2.15 | Rake €0.11 
Board [Ts 3h 2h 6d]
Seat 1: FFfast15 (button) folded before Flop (didn't bet)
Seat 2: TIMBRERO (small blind) folded before Flop
Seat 3: jeandu56 (big blind) folded before Flop
Seat 4: Simgatto collected (€2.04)
Seat 5: réflexion folded on the Turn
Seat 6: pipinoelbreve9 folded before Flop (didn't bet)



PokerStars Zoom Hand #258437033134:  Hold'em No Limit (€0.05/€0.10) - 2025/11/08 21:07:26 CET [2025/11/08 15:07:26 ET]
Table 'Caph' 6-max Seat #1 is the button
Seat 1: MAVERICK298 (€13.65 in chips) 
Seat 2: eloy2713 (€9.54 in chips) 
Seat 3: KKKJJJ730 (€10 in chips) 
Seat 4: riomagico (€5.97 in chips) 
Seat 5: pipinoelbreve9 (€20.53 in chips) 
Seat 6: inchill (€18.12 in chips) 
eloy2713: posts small blind €0.05
KKKJJJ730: posts big blind €0.10
*** HOLE CARDS ***
Dealt to pipinoelbreve9 [Ac 4c]
riomagico: raises €0.15 to €0.25
pipinoelbreve9: calls €0.25
inchill: folds 
MAVERICK298: folds 
eloy2713: folds 
KKKJJJ730: folds 
*** FLOP *** [Ks 2h Js]
riomagico: checks 
pipinoelbreve9: checks 
*** TURN *** [Ks 2h Js] [6h]
riomagico: checks 
pipinoelbreve9: checks 
*** RIVER *** [Ks 2h Js 6h] [Kh]
riomagico: checks 
pipinoelbreve9: checks 
*** SHOW DOWN ***
riomagico: shows [8d Ad] (a pair of Kings)
pipinoelbreve9: mucks hand 
riomagico collected €0.62 from pot
*** SUMMARY ***
Total pot €0.65 | Rake €0.03 
Board [Ks 2h Js 6h Kh]
Seat 1: MAVERICK298 (button) folded before Flop (didn't bet)
Seat 2: eloy2713 (small blind) folded before Flop
Seat 3: KKKJJJ730 (big blind) folded before Flop
Seat 4: riomagico showed [8d Ad] and won (€0.62) with a pair of Kings
Seat 5: pipinoelbreve9 mucked [Ac 4c]
Seat 6: inchill folded before Flop (didn't bet)



PokerStars Zoom Hand #258437045276:  Hold'em No Limit (€0.05/€0.10) - 2025/11/08 21:08:18 CET [2025/11/08 15:08:18 ET]
Table 'Caph' 6-max Seat #1 is the button
Seat 1: KKKJJJ730 (€10 in chips) 
Seat 2: riomagico (€6.34 in chips) 
Seat 3: unbalancedman (€13.64 in chips) 
Seat 4: pipinoelbreve9 (€20.28 in chips) 
Seat 5: seb51 (€8.11 in chips) 
Seat 6: réflexion (€4.11 in chips) 
riomagico: posts small blind €0.05
unbalancedman: posts big blind €0.10
*** HOLE CARDS ***
Dealt to pipinoelbreve9 [4h 3s]
pipinoelbreve9 has timed out
pipinoelbreve9: folds 
seb51: folds 
réflexion: raises €0.25 to €0.35
KKKJJJ730: folds 
riomagico: folds 
unbalancedman: calls €0.25
*** FLOP *** [Th 9s 7h]
unbalancedman: checks 
réflexion: checks 
*** TURN *** [Th 9s 7h] [Ks]
unbalancedman: checks 
réflexion: checks 
*** RIVER *** [Th 9s 7h Ks] [5h]
unbalancedman: checks 
réflexion: checks 
*** SHOW DOWN ***
unbalancedman: shows [Ac 7c] (a pair of Sevens)
réflexion: mucks hand 
unbalancedman collected €0.71 from pot
*** SUMMARY ***
Total pot €0.75 | Rake €0.04 
Board [Th 9s 7h Ks 5h]
Seat 1: KKKJJJ730 (button) folded before Flop (didn't bet)
Seat 2: riomagico (small blind) folded before Flop
Seat 3: unbalancedman (big blind) showed [Ac 7c] and won (€0.71) with a pair of Sevens
Seat 4: pipinoelbreve9 folded before Flop (didn't bet)
Seat 5: seb51 folded before Flop (didn't bet)
Seat 6: réflexion mucked [As Jc]



PokerStars Zoom Hand #258437055526:  Hold'em No Limit (€0.05/€0.10) - 2025/11/08 21:09:02 CET [2025/11/08 15:09:02 ET]
Table 'Caph' 6-max Seat #1 is the button
Seat 1: Munia14 (€10.53 in chips) 
Seat 2: unbalancedman (€19.50 in chips) 
Seat 3: pipinoelbreve9 (€20.28 in chips) 
Seat 4: riomagico (€5 in chips) 
Seat 5: KKKJJJ730 (€17.18 in chips) 
Seat 6: FllanosB (€22.66 in chips) 
unbalancedman: posts small blind €0.05
pipinoelbreve9: posts big blind €0.10
*** HOLE CARDS ***
Dealt to pipinoelbreve9 [Qs 3h]
riomagico: folds 
KKKJJJ730: folds 
FllanosB: raises €0.10 to €0.20
Munia14: folds 
unbalancedman: folds 
pipinoelbreve9: folds 
Uncalled bet (€0.10) returned to FllanosB
FllanosB collected €0.25 from pot
FllanosB: doesn't show hand 
*** SUMMARY ***
Total pot €0.25 | Rake €0 
Seat 1: Munia14 (button) folded before Flop (didn't bet)
Seat 2: unbalancedman (small blind) folded before Flop
Seat 3: pipinoelbreve9 (big blind) folded before Flop
Seat 4: riomagico folded before Flop (didn't bet)
Seat 5: KKKJJJ730 folded before Flop (didn't bet)
Seat 6: FllanosB collected (€0.25)



PokerStars Zoom Hand #258437059341:  Hold'em No Limit (€0.05/€0.10) - 2025/11/08 21:09:18 CET [2025/11/08 15:09:18 ET]
Table 'Caph' 6-max Seat #1 is the button
Seat 1: JAM.FCM (€7.85 in chips) 
Seat 2: Desmd72 (€8.60 in chips) 
Seat 3: pajarillo23 (€10 in chips) 
Seat 4: pipinoelbreve9 (€20.18 in chips) 
Seat 5: SuperPiña2 (€10 in chips) 
Seat 6: markargibay (€7.03 in chips) 
Desmd72: posts small blind €0.05
pajarillo23: posts big blind €0.10
*** HOLE CARDS ***
Dealt to pipinoelbreve9 [Qc 5h]
pipinoelbreve9: folds 
SuperPiña2: folds 
markargibay: folds 
JAM.FCM: folds 
Desmd72: folds 
Uncalled bet (€0.05) returned to pajarillo23
pajarillo23 collected €0.10 from pot
pajarillo23: doesn't show hand 
*** SUMMARY ***
Total pot €0.10 | Rake €0 
Seat 1: JAM.FCM (button) folded before Flop (didn't bet)
Seat 2: Desmd72 (small blind) folded before Flop
Seat 3: pajarillo23 (big blind) collected (€0.10)
Seat 4: pipinoelbreve9 folded before Flop (didn't bet)
Seat 5: SuperPiña2 folded before Flop (didn't bet)
Seat 6: markargibay folded before Flop (didn't bet)



PokerStars Zoom Hand #258437054368:  Hold'em No Limit (€0.05/€0.10) - 2025/11/08 21:08:57 CET [2025/11/08 15:08:57 ET]
Table 'Caph' 6-max Seat #1 is the button
Seat 1: pipinoelbreve9 (€20.28 in chips) 
Seat 2: eloy2713 (€9.98 in chips) 
Seat 3: SuperPiña2 (€10.07 in chips) 
Seat 4: Ius-Money (€10 in chips) 
Seat 5: bobette59500 (€3.68 in chips) 
Seat 6: réflexion (€4.81 in chips) 
eloy2713: posts small blind €0.05
SuperPiña2: posts big blind €0.10
*** HOLE CARDS ***
Dealt to pipinoelbreve9 [7d 6s]
Ius-Money: folds 
bobette59500: calls €0.10
réflexion: folds 
pipinoelbreve9: folds 
eloy2713: raises €0.10 to €0.20
SuperPiña2: folds 
bobette59500: calls €0.10
*** FLOP *** [4c 8h Qs]
eloy2713: checks 
bobette59500: checks 
*** TURN *** [4c 8h Qs] [7c]
eloy2713: bets €0.10
bobette59500: calls €0.10
*** RIVER *** [4c 8h Qs 7c] [Tc]
eloy2713: bets €0.20
bobette59500: raises €1.06 to €1.26
eloy2713: folds 
Uncalled bet (€1.06) returned to bobette59500
bobette59500 collected €1.04 from pot
bobette59500: doesn't show hand 
*** SUMMARY ***
Total pot €1.10 | Rake €0.06 
Board [4c 8h Qs 7c Tc]
Seat 1: pipinoelbreve9 (button) folded before Flop (didn't bet)
Seat 2: eloy2713 (small blind) folded on the River
Seat 3: SuperPiña2 (big blind) folded before Flop
Seat 4: Ius-Money folded before Flop (didn't bet)
Seat 5: bobette59500 collected (€1.04)
Seat 6: réflexion folded before Flop (didn't bet)



PokerStars Zoom Hand #258437060897:  Hold'em No Limit (€0.05/€0.10) - 2025/11/08 21:09:24 CET [2025/11/08 15:09:24 ET]
Table 'Caph' 6-max Seat #1 is the button
Seat 1: IlAbruzzi (€10.94 in chips) 
Seat 2: pipinoelbreve9 (€20.18 in chips) 
Seat 3: Piosete (€19.97 in chips) 
Seat 4: TIMBRERO (€9.23 in chips) 
Seat 5: seb51 (€7.96 in chips) 
Seat 6: carine1076 (€14.08 in chips) 
pipinoelbreve9: posts small blind €0.05
Piosete: posts big blind €0.10
*** HOLE CARDS ***
Dealt to pipinoelbreve9 [Jc Kc]
TIMBRERO: raises €0.20 to €0.30
seb51: folds 
carine1076: folds 
IlAbruzzi: folds 
pipinoelbreve9: raises €0.60 to €0.90
Piosete: folds 
TIMBRERO: calls €0.60
*** FLOP *** [9c 8h 9d]
pipinoelbreve9: checks 
TIMBRERO: checks 
*** TURN *** [9c 8h 9d] [2d]
pipinoelbreve9: checks 
TIMBRERO: bets €0.90
pipinoelbreve9: folds 
Uncalled bet (€0.90) returned to TIMBRERO
TIMBRERO collected €1.80 from pot
TIMBRERO: doesn't show hand 
*** SUMMARY ***
Total pot €1.90 | Rake €0.10 
Board [9c 8h 9d 2d]
Seat 1: IlAbruzzi (button) folded before Flop (didn't bet)
Seat 2: pipinoelbreve9 (small blind) folded on the Turn
Seat 3: Piosete (big blind) folded before Flop
Seat 4: TIMBRERO collected (€1.80)
Seat 5: seb51 folded before Flop (didn't bet)
Seat 6: carine1076 folded before Flop (didn't bet)



PokerStars Zoom Hand #258437073682:  Hold'em No Limit (€0.05/€0.10) - 2025/11/08 21:10:18 CET [2025/11/08 15:10:18 ET]
Table 'Caph' 6-max Seat #1 is the button
Seat 1: riomagico (€5.57 in chips) 
Seat 2: KKKJJJ730 (€10 in chips) 
Seat 3: ChongoChuck (€4.95 in chips) 
Seat 4: markargibay (€6.83 in chips) 
Seat 5: joanj90 (€4.23 in chips) 
Seat 6: pipinoelbreve9 (€19.28 in chips) 
KKKJJJ730: posts small blind €0.05
ChongoChuck: posts big blind €0.10
*** HOLE CARDS ***
Dealt to pipinoelbreve9 [Td Js]
markargibay: folds 
joanj90: calls €0.10
pipinoelbreve9: raises €0.40 to €0.50
riomagico: folds 
KKKJJJ730: calls €0.45
ChongoChuck: folds 
joanj90: folds 
*** FLOP *** [5d Qd 3d]
KKKJJJ730: checks 
pipinoelbreve9: bets €0.57
KKKJJJ730: folds 
Uncalled bet (€0.57) returned to pipinoelbreve9
pipinoelbreve9 collected €1.14 from pot
pipinoelbreve9: doesn't show hand 
*** SUMMARY ***
Total pot €1.20 | Rake €0.06 
Board [5d Qd 3d]
Seat 1: riomagico (button) folded before Flop (didn't bet)
Seat 2: KKKJJJ730 (small blind) folded on the Flop
Seat 3: ChongoChuck (big blind) folded before Flop
Seat 4: markargibay folded before Flop (didn't bet)
Seat 5: joanj90 folded before Flop
Seat 6: pipinoelbreve9 collected (€1.14)



PokerStars Zoom Hand #258437079372:  Hold'em No Limit (€0.05/€0.10) - 2025/11/08 21:10:42 CET [2025/11/08 15:10:42 ET]
Table 'Caph' 6-max Seat #1 is the button
Seat 1: JAM.FCM (€7.50 in chips) 
Seat 2: MAVERICK298 (€8.91 in chips) 
Seat 3: riomagico (€5 in chips) 
Seat 4: pipinoelbreve9 (€19.92 in chips) 
Seat 5: KKKJJJ730 (€10 in chips) 
Seat 6: IlAbruzzi (€10.64 in chips) 
MAVERICK298: posts small blind €0.05
riomagico: posts big blind €0.10
*** HOLE CARDS ***
Dealt to pipinoelbreve9 [Kc Tc]
pipinoelbreve9: raises €0.15 to €0.25
KKKJJJ730: folds 
IlAbruzzi: folds 
JAM.FCM: folds 
MAVERICK298: folds 
riomagico: folds 
Uncalled bet (€0.15) returned to pipinoelbreve9
pipinoelbreve9 collected €0.25 from pot
pipinoelbreve9: doesn't show hand 
*** SUMMARY ***
Total pot €0.25 | Rake €0 
Seat 1: JAM.FCM (button) folded before Flop (didn't bet)
Seat 2: MAVERICK298 (small blind) folded before Flop
Seat 3: riomagico (big blind) folded before Flop
Seat 4: pipinoelbreve9 collected (€0.25)
Seat 5: KKKJJJ730 folded before Flop (didn't bet)
Seat 6: IlAbruzzi folded before Flop (didn't bet)



PokerStars Zoom Hand #258437082667:  Hold'em No Limit (€0.05/€0.10) - 2025/11/08 21:10:56 CET [2025/11/08 15:10:56 ET]
Table 'Caph' 6-max Seat #1 is the button
Seat 1: pipinoelbreve9 (€20.07 in chips) 
Seat 2: MM_Jose_09 (€4.60 in chips) 
Seat 3: SuperPiña2 (€10.27 in chips) 
Seat 4: unbalancedman (€13.80 in chips) 
Seat 5: FRED0?584 (€2.01 in chips) 
Seat 6: Ferruu4 (€8.09 in chips) 
MM_Jose_09: posts small blind €0.05
SuperPiña2: posts big blind €0.10
*** HOLE CARDS ***
Dealt to pipinoelbreve9 [8d Ad]
unbalancedman: folds 
FRED0?584: raises €1.91 to €2.01 and is all-in
Ferruu4: folds 
pipinoelbreve9: folds 
MM_Jose_09: folds 
SuperPiña2: folds 
Uncalled bet (€1.91) returned to FRED0?584
FRED0?584 collected €0.25 from pot
FRED0?584: doesn't show hand 
*** SUMMARY ***
Total pot €0.25 | Rake €0 
Seat 1: pipinoelbreve9 (button) folded before Flop (didn't bet)
Seat 2: MM_Jose_09 (small blind) folded before Flop
Seat 3: SuperPiña2 (big blind) folded before Flop
Seat 4: unbalancedman folded before Flop (didn't bet)
Seat 5: FRED0?584 collected (€0.25)
Seat 6: Ferruu4 folded before Flop (didn't bet)



PokerStars Zoom Hand #258437085571:  Hold'em No Limit (€0.05/€0.10) - 2025/11/08 21:11:09 CET [2025/11/08 15:11:09 ET]
Table 'Caph' 6-max Seat #1 is the button
Seat 1: MM_Jose_09 (€4.55 in chips) 
Seat 2: inchill (€16.04 in chips) 
Seat 3: lechinois1188 (€10 in chips) 
Seat 4: Mgc8998 (€10.20 in chips) 
Seat 5: carine1076 (€13.78 in chips) 
Seat 6: pipinoelbreve9 (€20.07 in chips) 
inchill: posts small blind €0.05
lechinois1188: posts big blind €0.10
*** HOLE CARDS ***
Dealt to pipinoelbreve9 [7s Ad]
Mgc8998: folds 
carine1076: folds 
pipinoelbreve9: raises €0.15 to €0.25
MM_Jose_09: calls €0.25
inchill: folds 
lechinois1188: calls €0.15
*** FLOP *** [7h 5c 8h]
lechinois1188: checks 
pipinoelbreve9: bets €0.25
MM_Jose_09: folds 
lechinois1188: calls €0.25
*** TURN *** [7h 5c 8h] [2h]
lechinois1188: checks 
pipinoelbreve9: bets €1.24
lechinois1188: folds 
Uncalled bet (€1.24) returned to pipinoelbreve9
pipinoelbreve9 collected €1.24 from pot
pipinoelbreve9: doesn't show hand 
*** SUMMARY ***
Total pot €1.30 | Rake €0.06 
Board [7h 5c 8h 2h]
Seat 1: MM_Jose_09 (button) folded on the Flop
Seat 2: inchill (small blind) folded before Flop
Seat 3: lechinois1188 (big blind) folded on the Turn
Seat 4: Mgc8998 folded before Flop (didn't bet)
Seat 5: carine1076 folded before Flop (didn't bet)
Seat 6: pipinoelbreve9 collected (€1.24)



