PokerStars Zoom Hand #258255456436:  Hold'em No Limit (€0.05/€0.10) - 2025/10/25 12:43:49 CET [2025/10/25 6:43:49 ET]
Table 'Caph' 6-max Seat #1 is the button
Seat 1: vownzz (€21.35 in chips) 
Seat 2: Dariobasta (€24.92 in chips) 
Seat 3: pipinoelbreve9 (€10 in chips) 
Seat 4: didao97 (€3.31 in chips) 
Seat 5: toze78PT (€12.15 in chips) 
Seat 6: olijmandrea (€6.22 in chips) 
Dariobasta: posts small blind €0.05
pipinoelbreve9: posts big blind €0.10
*** HOLE CARDS ***
Dealt to pipinoelbreve9 [6s Kd]
didao97: folds 
toze78PT: raises €0.20 to €0.30
olijmandrea: folds 
vownzz: folds 
Dariobasta: folds 
pipinoelbreve9: folds 
Uncalled bet (€0.20) returned to toze78PT
toze78PT collected €0.25 from pot
toze78PT: doesn't show hand 
*** SUMMARY ***
Total pot €0.25 | Rake €0 
Seat 1: vownzz (button) folded before Flop (didn't bet)
Seat 2: Dariobasta (small blind) folded before Flop
Seat 3: pipinoelbreve9 (big blind) folded before Flop
Seat 4: didao97 folded before Flop (didn't bet)
Seat 5: toze78PT collected (€0.25)
Seat 6: olijmandrea folded before Flop (didn't bet)



PokerStars Zoom Hand #258255457943:  Hold'em No Limit (€0.05/€0.10) - 2025/10/25 12:44:03 CET [2025/10/25 6:44:03 ET]
Table 'Caph' 6-max Seat #1 is the button
Seat 1: gregoss054 (€10 in chips) 
Seat 2: pipinoelbreve9 (€10 in chips) 
Seat 3: vownzz (€18.53 in chips) 
Seat 4: RodCarv3 (€23.63 in chips) 
Seat 5: FllanosB (€16.10 in chips) 
Seat 6: MrBeleko (€16.76 in chips) 
pipinoelbreve9: posts small blind €0.05
vownzz: posts big blind €0.10
*** HOLE CARDS ***
Dealt to pipinoelbreve9 [6s 2d]
RodCarv3: folds 
FllanosB: folds 
MrBeleko: folds 
gregoss054: raises €0.15 to €0.25
pipinoelbreve9: folds 
vownzz: folds 
Uncalled bet (€0.15) returned to gregoss054
gregoss054 collected €0.25 from pot
gregoss054: doesn't show hand 
*** SUMMARY ***
Total pot €0.25 | Rake €0 
Seat 1: gregoss054 (button) collected (€0.25)
Seat 2: pipinoelbreve9 (small blind) folded before Flop
Seat 3: vownzz (big blind) folded before Flop
Seat 4: RodCarv3 folded before Flop (didn't bet)
Seat 5: FllanosB folded before Flop (didn't bet)
Seat 6: MrBeleko folded before Flop (didn't bet)



PokerStars Zoom Hand #258255458456:  Hold'em No Limit (€0.05/€0.10) - 2025/10/25 12:44:08 CET [2025/10/25 6:44:08 ET]
Table 'Caph' 6-max Seat #1 is the button
Seat 1: pipinoelbreve9 (€10 in chips) 
Seat 2: toze78PT (€10.90 in chips) 
Seat 3: panpan2a (€5.82 in chips) 
Seat 4: PoyaLocaa (€15.01 in chips) 
Seat 5: MrBeleko (€16.76 in chips) 
Seat 6: basukun (€18.76 in chips) 
toze78PT: posts small blind €0.05
panpan2a: posts big blind €0.10
*** HOLE CARDS ***
Dealt to pipinoelbreve9 [5h 6h]
PoyaLocaa: folds 
MrBeleko: raises €0.13 to €0.23
basukun: calls €0.23
pipinoelbreve9: raises €1.07 to €1.30
toze78PT: folds 
panpan2a: raises €4.52 to €5.82 and is all-in
MrBeleko: folds 
basukun: folds 
pipinoelbreve9: folds 
Uncalled bet (€4.52) returned to panpan2a
panpan2a collected €3.11 from pot
panpan2a: doesn't show hand 
*** SUMMARY ***
Total pot €3.11 | Rake €0 
Seat 1: pipinoelbreve9 (button) folded before Flop
Seat 2: toze78PT (small blind) folded before Flop
Seat 3: panpan2a (big blind) collected (€3.11)
Seat 4: PoyaLocaa folded before Flop (didn't bet)
Seat 5: MrBeleko folded before Flop
Seat 6: basukun folded before Flop



PokerStars Zoom Hand #258255463000:  Hold'em No Limit (€0.05/€0.10) - 2025/10/25 12:44:54 CET [2025/10/25 6:44:54 ET]
Table 'Caph' 6-max Seat #1 is the button
Seat 1: vownzz (€20.95 in chips) 
Seat 2: ruiandrad157 (€12.87 in chips) 
Seat 3: rubencins (€5 in chips) 
Seat 4: PoyaLocaa (€10.85 in chips) 
Seat 5: MrBeleko (€16.38 in chips) 
Seat 6: pipinoelbreve9 (€10 in chips) 
ruiandrad157: posts small blind €0.05
rubencins: posts big blind €0.10
*** HOLE CARDS ***
Dealt to pipinoelbreve9 [Ac Ah]
PoyaLocaa: folds 
MrBeleko: folds 
pipinoelbreve9: raises €0.15 to €0.25
vownzz: folds 
ruiandrad157: calls €0.20
rubencins: folds 
*** FLOP *** [4d 3d 5h]
ruiandrad157: checks 
pipinoelbreve9: checks 
*** TURN *** [4d 3d 5h] [3c]
ruiandrad157: checks 
pipinoelbreve9: bets €0.80
ruiandrad157: folds 
Uncalled bet (€0.80) returned to pipinoelbreve9
pipinoelbreve9 collected €0.57 from pot
pipinoelbreve9: doesn't show hand 
*** SUMMARY ***
Total pot €0.60 | Rake €0.03 
Board [4d 3d 5h 3c]
Seat 1: vownzz (button) folded before Flop (didn't bet)
Seat 2: ruiandrad157 (small blind) folded on the Turn
Seat 3: rubencins (big blind) folded before Flop
Seat 4: PoyaLocaa folded before Flop (didn't bet)
Seat 5: MrBeleko folded before Flop (didn't bet)
Seat 6: pipinoelbreve9 collected (€0.57)



PokerStars Zoom Hand #258255466602:  Hold'em No Limit (€0.05/€0.10) - 2025/10/25 12:45:30 CET [2025/10/25 6:45:30 ET]
Table 'Caph' 6-max Seat #1 is the button
Seat 1: RodCarv3 (€10 in chips) 
Seat 2: Garcilaso AA (€10.53 in chips) 
Seat 3: pipinoelbreve9 (€10.32 in chips) 
Seat 4: lord_lmc (€3.04 in chips) 
Seat 5: ruiandrad157 (€12.62 in chips) 
Seat 6: didao97 (€4.84 in chips) 
Garcilaso AA: posts small blind €0.05
pipinoelbreve9: posts big blind €0.10
*** HOLE CARDS ***
Dealt to pipinoelbreve9 [Qs 3d]
lord_lmc: folds 
ruiandrad157: folds 
didao97: folds 
RodCarv3: folds 
Garcilaso AA: raises €0.20 to €0.30
pipinoelbreve9: folds 
Uncalled bet (€0.20) returned to Garcilaso AA
Garcilaso AA collected €0.20 from pot
Garcilaso AA: doesn't show hand 
*** SUMMARY ***
Total pot €0.20 | Rake €0 
Seat 1: RodCarv3 (button) folded before Flop (didn't bet)
Seat 2: Garcilaso AA (small blind) collected (€0.20)
Seat 3: pipinoelbreve9 (big blind) folded before Flop
Seat 4: lord_lmc folded before Flop (didn't bet)
Seat 5: ruiandrad157 folded before Flop (didn't bet)
Seat 6: didao97 folded before Flop (didn't bet)



PokerStars Zoom Hand #258255465384:  Hold'em No Limit (€0.05/€0.10) - 2025/10/25 12:45:18 CET [2025/10/25 6:45:18 ET]
Table 'Caph' 6-max Seat #1 is the button
Seat 1: MrBeleko (€16.38 in chips) 
Seat 2: basukun (€14.06 in chips) 
Seat 3: vownzz (€14.66 in chips) 
Seat 4: pipinoelbreve9 (€10.32 in chips) 
Seat 5: rubencins (€5 in chips) 
Seat 6: pirres22 (€6.11 in chips) 
basukun: posts small blind €0.05
vownzz: posts big blind €0.10
*** HOLE CARDS ***
Dealt to pipinoelbreve9 [Ks 7h]
pipinoelbreve9: folds 
rubencins: folds 
pirres22: raises €0.10 to €0.20
MrBeleko: folds 
basukun: calls €0.15
vownzz: folds 
*** FLOP *** [Kd Jc Ac]
basukun: checks 
pirres22: bets €0.24
basukun: calls €0.24
*** TURN *** [Kd Jc Ac] [7s]
basukun: checks 
pirres22: checks 
*** RIVER *** [Kd Jc Ac 7s] [4h]
basukun: bets €0.47
pirres22: folds 
Uncalled bet (€0.47) returned to basukun
basukun collected €0.93 from pot
basukun: doesn't show hand 
*** SUMMARY ***
Total pot €0.98 | Rake €0.05 
Board [Kd Jc Ac 7s 4h]
Seat 1: MrBeleko (button) folded before Flop (didn't bet)
Seat 2: basukun (small blind) collected (€0.93)
Seat 3: vownzz (big blind) folded before Flop
Seat 4: pipinoelbreve9 folded before Flop (didn't bet)
Seat 5: rubencins folded before Flop (didn't bet)
Seat 6: pirres22 folded on the River



PokerStars Zoom Hand #258255465936:  Hold'em No Limit (€0.05/€0.10) - 2025/10/25 12:45:23 CET [2025/10/25 6:45:23 ET]
Table 'Caph' 6-max Seat #1 is the button
Seat 1: pipinoelbreve9 (€10.32 in chips) 
Seat 2: RodCarv3 (€10 in chips) 
Seat 3: ziz_fenomeno (€9.19 in chips) 
Seat 4: txone73 (€11.13 in chips) 
Seat 5: hewasnotinvited (€12.87 in chips) 
Seat 6: Depailler (€13.61 in chips) 
RodCarv3: posts small blind €0.05
ziz_fenomeno: posts big blind €0.10
*** HOLE CARDS ***
Dealt to pipinoelbreve9 [6d 2c]
txone73: folds 
hewasnotinvited: folds 
Depailler: folds 
pipinoelbreve9: folds 
RodCarv3: raises €0.20 to €0.30
ziz_fenomeno: calls €0.20
*** FLOP *** [6h Js 8h]
RodCarv3: checks 
ziz_fenomeno: bets €0.33
RodCarv3: calls €0.33
*** TURN *** [6h Js 8h] [3h]
RodCarv3: checks 
ziz_fenomeno: checks 
*** RIVER *** [6h Js 8h 3h] [4s]
RodCarv3: bets €0.50
ziz_fenomeno: calls €0.50
*** SHOW DOWN ***
RodCarv3: shows [Ah Kd] (high card Ace)
ziz_fenomeno: shows [2d 4d] (a pair of Fours)
ziz_fenomeno collected €2.15 from pot
*** SUMMARY ***
Total pot €2.26 | Rake €0.11 
Board [6h Js 8h 3h 4s]
Seat 1: pipinoelbreve9 (button) folded before Flop (didn't bet)
Seat 2: RodCarv3 (small blind) showed [Ah Kd] and lost with high card Ace
Seat 3: ziz_fenomeno (big blind) showed [2d 4d] and won (€2.15) with a pair of Fours
Seat 4: txone73 folded before Flop (didn't bet)
Seat 5: hewasnotinvited folded before Flop (didn't bet)
Seat 6: Depailler folded before Flop (didn't bet)



PokerStars Zoom Hand #258255467555:  Hold'em No Limit (€0.05/€0.10) - 2025/10/25 12:45:40 CET [2025/10/25 6:45:40 ET]
Table 'Caph' 6-max Seat #1 is the button
Seat 1: NunoSoares18 (€4.79 in chips) 
Seat 2: pipinoelbreve9 (€10.22 in chips) 
Seat 3: RodCarv3 (€10 in chips) 
Seat 4: hewasnotinvited (€12.77 in chips) 
Seat 5: txone73 (€11.12 in chips) 
Seat 6: olijmandrea (€5.88 in chips) 
pipinoelbreve9: posts small blind €0.05
RodCarv3: posts big blind €0.10
*** HOLE CARDS ***
Dealt to pipinoelbreve9 [Kd Qs]
hewasnotinvited: folds 
txone73: raises €0.20 to €0.30
olijmandrea: folds 
NunoSoares18: calls €0.30
pipinoelbreve9: raises €0.70 to €1
RodCarv3: folds 
txone73: calls €0.70
NunoSoares18: calls €0.70
*** FLOP *** [2s Jc Jd]
pipinoelbreve9: bets €0.77
txone73: calls €0.77
NunoSoares18: raises €3.02 to €3.79 and is all-in
pipinoelbreve9: folds 
txone73: folds 
Uncalled bet (€3.02) returned to NunoSoares18
NunoSoares18 collected €5.14 from pot
NunoSoares18: doesn't show hand 
*** SUMMARY ***
Total pot €5.41 | Rake €0.27 
Board [2s Jc Jd]
Seat 1: NunoSoares18 (button) collected (€5.14)
Seat 2: pipinoelbreve9 (small blind) folded on the Flop
Seat 3: RodCarv3 (big blind) folded before Flop
Seat 4: hewasnotinvited folded before Flop (didn't bet)
Seat 5: txone73 folded on the Flop
Seat 6: olijmandrea folded before Flop (didn't bet)



PokerStars Zoom Hand #258255471360:  Hold'em No Limit (€0.05/€0.10) - 2025/10/25 12:46:18 CET [2025/10/25 6:46:18 ET]
Table 'Caph' 6-max Seat #1 is the button
Seat 1: RodCarv3 (€10 in chips) 
Seat 2: Dariobasta (€15.06 in chips) 
Seat 3: Depailler (€13.84 in chips) 
Seat 4: ruiandrad157 (€12.42 in chips) 
Seat 5: Amoryempatia30 (€11.22 in chips) 
Seat 6: pipinoelbreve9 (€10 in chips) 
Dariobasta: posts small blind €0.05
Depailler: posts big blind €0.10
*** HOLE CARDS ***
Dealt to pipinoelbreve9 [3s Ks]
ruiandrad157: folds 
Amoryempatia30: folds 
pipinoelbreve9: folds 
RodCarv3: folds 
Dariobasta: folds 
Uncalled bet (€0.05) returned to Depailler
Depailler collected €0.10 from pot
Depailler: doesn't show hand 
*** SUMMARY ***
Total pot €0.10 | Rake €0 
Seat 1: RodCarv3 (button) folded before Flop (didn't bet)
Seat 2: Dariobasta (small blind) folded before Flop
Seat 3: Depailler (big blind) collected (€0.10)
Seat 4: ruiandrad157 folded before Flop (didn't bet)
Seat 5: Amoryempatia30 folded before Flop (didn't bet)
Seat 6: pipinoelbreve9 folded before Flop (didn't bet)



PokerStars Zoom Hand #258255472062:  Hold'em No Limit (€0.05/€0.10) - 2025/10/25 12:46:25 CET [2025/10/25 6:46:25 ET]
Table 'Caph' 6-max Seat #1 is the button
Seat 1: asanchezbcn (€10.61 in chips) 
Seat 2: RodCarv3 (€24.23 in chips) 
Seat 3: txone73 (€10.98 in chips) 
Seat 4: Amoryempatia30 (€11.22 in chips) 
Seat 5: pipinoelbreve9 (€10 in chips) 
Seat 6: ziz_fenomeno (€10.36 in chips) 
RodCarv3: posts small blind €0.05
txone73: posts big blind €0.10
*** HOLE CARDS ***
Dealt to pipinoelbreve9 [Qc 4d]
Amoryempatia30: folds 
pipinoelbreve9: folds 
ziz_fenomeno: raises €0.18 to €0.28
asanchezbcn: folds 
RodCarv3: folds 
txone73: calls €0.18
*** FLOP *** [As 4c Kc]
txone73: checks 
ziz_fenomeno: bets €0.34
txone73: folds 
Uncalled bet (€0.34) returned to ziz_fenomeno
ziz_fenomeno collected €0.58 from pot
ziz_fenomeno: doesn't show hand 
*** SUMMARY ***
Total pot €0.61 | Rake €0.03 
Board [As 4c Kc]
Seat 1: asanchezbcn (button) folded before Flop (didn't bet)
Seat 2: RodCarv3 (small blind) folded before Flop
Seat 3: txone73 (big blind) folded on the Flop
Seat 4: Amoryempatia30 folded before Flop (didn't bet)
Seat 5: pipinoelbreve9 folded before Flop (didn't bet)
Seat 6: ziz_fenomeno collected (€0.58)



PokerStars Zoom Hand #258255472612:  Hold'em No Limit (€0.05/€0.10) - 2025/10/25 12:46:30 CET [2025/10/25 6:46:30 ET]
Table 'Caph' 6-max Seat #1 is the button
Seat 1: PoyaLocaa (€11 in chips) 
Seat 2: Amoryempatia30 (€11.22 in chips) 
Seat 3: DiferentUser (€10 in chips) 
Seat 4: txone73 (€9.20 in chips) 
Seat 5: pipinoelbreve9 (€10 in chips) 
Seat 6: MrBeleko (€16.38 in chips) 
Amoryempatia30: posts small blind €0.05
DiferentUser: posts big blind €0.10
*** HOLE CARDS ***
Dealt to pipinoelbreve9 [Qs Ad]
txone73: folds 
pipinoelbreve9: raises €0.15 to €0.25
MrBeleko: folds 
PoyaLocaa: folds 
Amoryempatia30: folds 
DiferentUser: folds 
Uncalled bet (€0.15) returned to pipinoelbreve9
pipinoelbreve9 collected €0.25 from pot
pipinoelbreve9: doesn't show hand 
*** SUMMARY ***
Total pot €0.25 | Rake €0 
Seat 1: PoyaLocaa (button) folded before Flop (didn't bet)
Seat 2: Amoryempatia30 (small blind) folded before Flop
Seat 3: DiferentUser (big blind) folded before Flop
Seat 4: txone73 folded before Flop (didn't bet)
Seat 5: pipinoelbreve9 collected (€0.25)
Seat 6: MrBeleko folded before Flop (didn't bet)



PokerStars Zoom Hand #258255474661:  Hold'em No Limit (€0.05/€0.10) - 2025/10/25 12:46:51 CET [2025/10/25 6:46:51 ET]
Table 'Caph' 6-max Seat #1 is the button
Seat 1: PoyaLocaa (€13.88 in chips) 
Seat 2: Pablo94sg (€14.02 in chips) 
Seat 3: Dariobasta (€15.01 in chips) 
Seat 4: RodCarv3 (€10 in chips) 
Seat 5: txone73 (€9.20 in chips) 
Seat 6: pipinoelbreve9 (€10.15 in chips) 
Pablo94sg: posts small blind €0.05
Dariobasta: posts big blind €0.10
*** HOLE CARDS ***
Dealt to pipinoelbreve9 [2h Kd]
RodCarv3: folds 
txone73: folds 
pipinoelbreve9: folds 
PoyaLocaa: raises €0.15 to €0.25
Pablo94sg: calls €0.20
Dariobasta: folds 
*** FLOP *** [Tc 4h 5c]
Pablo94sg: checks 
PoyaLocaa: checks 
*** TURN *** [Tc 4h 5c] [6h]
Pablo94sg: bets €0.23
PoyaLocaa: calls €0.23
*** RIVER *** [Tc 4h 5c 6h] [9h]
Pablo94sg: checks 
PoyaLocaa: checks 
*** SHOW DOWN ***
Pablo94sg: shows [7s 4s] (a pair of Fours)
PoyaLocaa: mucks hand 
Pablo94sg collected €1.01 from pot
*** SUMMARY ***
Total pot €1.06 | Rake €0.05 
Board [Tc 4h 5c 6h 9h]
Seat 1: PoyaLocaa (button) mucked [8d Ac]
Seat 2: Pablo94sg (small blind) showed [7s 4s] and won (€1.01) with a pair of Fours
Seat 3: Dariobasta (big blind) folded before Flop
Seat 4: RodCarv3 folded before Flop (didn't bet)
Seat 5: txone73 folded before Flop (didn't bet)
Seat 6: pipinoelbreve9 folded before Flop (didn't bet)



PokerStars Zoom Hand #258255475178:  Hold'em No Limit (€0.05/€0.10) - 2025/10/25 12:46:56 CET [2025/10/25 6:46:56 ET]
Table 'Caph' 6-max Seat #1 is the button
Seat 1: Amoryempatia30 (€10.46 in chips) 
Seat 2: gregoss054 (€12.15 in chips) 
Seat 3: pipinoelbreve9 (€10.15 in chips) 
Seat 4: vownzz (€21.04 in chips) 
Seat 5: SuperPiña2 (€10 in chips) 
Seat 6: txone73 (€10.65 in chips) 
gregoss054: posts small blind €0.05
pipinoelbreve9: posts big blind €0.10
*** HOLE CARDS ***
Dealt to pipinoelbreve9 [Th Jc]
vownzz: folds 
SuperPiña2: folds 
txone73: folds 
Amoryempatia30: raises €0.15 to €0.25
gregoss054: folds 
pipinoelbreve9: calls €0.15
*** FLOP *** [Ks 9d 3c]
pipinoelbreve9: checks 
Amoryempatia30: bets €0.17
pipinoelbreve9: calls €0.17
*** TURN *** [Ks 9d 3c] [7d]
pipinoelbreve9: checks 
Amoryempatia30: checks 
*** RIVER *** [Ks 9d 3c 7d] [4h]
pipinoelbreve9: bets €0.28
Amoryempatia30: folds 
Uncalled bet (€0.28) returned to pipinoelbreve9
pipinoelbreve9 collected €0.85 from pot
pipinoelbreve9: doesn't show hand 
*** SUMMARY ***
Total pot €0.89 | Rake €0.04 
Board [Ks 9d 3c 7d 4h]
Seat 1: Amoryempatia30 (button) folded on the River
Seat 2: gregoss054 (small blind) folded before Flop
Seat 3: pipinoelbreve9 (big blind) collected (€0.85)
Seat 4: vownzz folded before Flop (didn't bet)
Seat 5: SuperPiña2 folded before Flop (didn't bet)
Seat 6: txone73 folded before Flop (didn't bet)



PokerStars Zoom Hand #258255478861:  Hold'em No Limit (€0.05/€0.10) - 2025/10/25 12:47:32 CET [2025/10/25 6:47:32 ET]
Table 'Caph' 6-max Seat #1 is the button
Seat 1: Dariobasta (€13.91 in chips) 
Seat 2: ziz_fenomeno (€7.30 in chips) 
Seat 3: Amoryempatia30 (€10.06 in chips) 
Seat 4: pipinoelbreve9 (€10.58 in chips) 
Seat 5: RodCarv3 (€10 in chips) 
Seat 6: vownzz (€21.04 in chips) 
ziz_fenomeno: posts small blind €0.05
Amoryempatia30: posts big blind €0.10
*** HOLE CARDS ***
Dealt to pipinoelbreve9 [2d Ah]
pipinoelbreve9: folds 
RodCarv3: folds 
vownzz: raises €0.15 to €0.25
Dariobasta: folds 
ziz_fenomeno: folds 
Amoryempatia30: folds 
Uncalled bet (€0.15) returned to vownzz
vownzz collected €0.25 from pot
vownzz: doesn't show hand 
*** SUMMARY ***
Total pot €0.25 | Rake €0 
Seat 1: Dariobasta (button) folded before Flop (didn't bet)
Seat 2: ziz_fenomeno (small blind) folded before Flop
Seat 3: Amoryempatia30 (big blind) folded before Flop
Seat 4: pipinoelbreve9 folded before Flop (didn't bet)
Seat 5: RodCarv3 folded before Flop (didn't bet)
Seat 6: vownzz collected (€0.25)



PokerStars Zoom Hand #258255479481:  Hold'em No Limit (€0.05/€0.10) - 2025/10/25 12:47:38 CET [2025/10/25 6:47:38 ET]
Table 'Caph' 6-max Seat #1 is the button
Seat 1: PoyaLocaa (€11.73 in chips) 
Seat 2: pipinoelbreve9 (€10.58 in chips) 
Seat 3: KKKJJJ730 (€12.82 in chips) 
Seat 4: panpan2a (€6.97 in chips) 
Seat 5: DiferentUser (€10.20 in chips) 
Seat 6: Angeljura2 (€19.98 in chips) 
pipinoelbreve9: posts small blind €0.05
KKKJJJ730: posts big blind €0.10
*** HOLE CARDS ***
Dealt to pipinoelbreve9 [4d Ad]
panpan2a: folds 
DiferentUser: folds 
Angeljura2: folds 
PoyaLocaa: raises €0.15 to €0.25
pipinoelbreve9: raises €0.85 to €1.10
KKKJJJ730: folds 
PoyaLocaa: calls €0.85
*** FLOP *** [7c 5d Ac]
pipinoelbreve9: bets €0.72
PoyaLocaa: calls €0.72
*** TURN *** [7c 5d Ac] [Js]
pipinoelbreve9: checks 
PoyaLocaa: bets €1.85
pipinoelbreve9: calls €1.85
*** RIVER *** [7c 5d Ac Js] [2c]
pipinoelbreve9: checks 
PoyaLocaa: bets €8.06 and is all-in
pipinoelbreve9: folds 
Uncalled bet (€8.06) returned to PoyaLocaa
PoyaLocaa collected €7.07 from pot
PoyaLocaa: doesn't show hand 
*** SUMMARY ***
Total pot €7.44 | Rake €0.37 
Board [7c 5d Ac Js 2c]
Seat 1: PoyaLocaa (button) collected (€7.07)
Seat 2: pipinoelbreve9 (small blind) folded on the River
Seat 3: KKKJJJ730 (big blind) folded before Flop
Seat 4: panpan2a folded before Flop (didn't bet)
Seat 5: DiferentUser folded before Flop (didn't bet)
Seat 6: Angeljura2 folded before Flop (didn't bet)



PokerStars Zoom Hand #258255484362:  Hold'em No Limit (€0.05/€0.10) - 2025/10/25 12:48:25 CET [2025/10/25 6:48:25 ET]
Table 'Caph' 6-max Seat #1 is the button
Seat 1: pipinoelbreve9 (€10 in chips) 
Seat 2: vownzz (€21.02 in chips) 
Seat 3: NunoSoares18 (€7.96 in chips) 
Seat 4: Dr.Quesada73 (€10.80 in chips) 
Seat 5: rubencins (€5.69 in chips) 
Seat 6: elpinkysharky (€5.61 in chips) 
vownzz: posts small blind €0.05
NunoSoares18: posts big blind €0.10
*** HOLE CARDS ***
Dealt to pipinoelbreve9 [8h Qh]
Dr.Quesada73: folds 
rubencins: folds 
elpinkysharky: folds 
pipinoelbreve9: raises €0.15 to €0.25
vownzz: folds 
NunoSoares18: folds 
Uncalled bet (€0.15) returned to pipinoelbreve9
pipinoelbreve9 collected €0.25 from pot
pipinoelbreve9: doesn't show hand 
*** SUMMARY ***
Total pot €0.25 | Rake €0 
Seat 1: pipinoelbreve9 (button) collected (€0.25)
Seat 2: vownzz (small blind) folded before Flop
Seat 3: NunoSoares18 (big blind) folded before Flop
Seat 4: Dr.Quesada73 folded before Flop (didn't bet)
Seat 5: rubencins folded before Flop (didn't bet)
Seat 6: elpinkysharky folded before Flop (didn't bet)



PokerStars Zoom Hand #258255485846:  Hold'em No Limit (€0.05/€0.10) - 2025/10/25 12:48:40 CET [2025/10/25 6:48:40 ET]
Table 'Caph' 6-max Seat #1 is the button
Seat 1: vownzz (€20.94 in chips) 
Seat 2: rubencins (€5.69 in chips) 
Seat 3: txone73 (€8.60 in chips) 
Seat 4: Amoryempatia30 (€10.15 in chips) 
Seat 5: Garcilaso AA (€10.80 in chips) 
Seat 6: pipinoelbreve9 (€10.15 in chips) 
rubencins: posts small blind €0.05
txone73: posts big blind €0.10
*** HOLE CARDS ***
Dealt to pipinoelbreve9 [Ks 9s]
Amoryempatia30: folds 
Garcilaso AA: folds 
pipinoelbreve9: raises €0.15 to €0.25
vownzz: folds 
rubencins: folds 
txone73: folds 
Uncalled bet (€0.15) returned to pipinoelbreve9
pipinoelbreve9 collected €0.25 from pot
pipinoelbreve9: doesn't show hand 
*** SUMMARY ***
Total pot €0.25 | Rake €0 
Seat 1: vownzz (button) folded before Flop (didn't bet)
Seat 2: rubencins (small blind) folded before Flop
Seat 3: txone73 (big blind) folded before Flop
Seat 4: Amoryempatia30 folded before Flop (didn't bet)
Seat 5: Garcilaso AA folded before Flop (didn't bet)
Seat 6: pipinoelbreve9 collected (€0.25)



PokerStars Zoom Hand #258255486991:  Hold'em No Limit (€0.05/€0.10) - 2025/10/25 12:48:51 CET [2025/10/25 6:48:51 ET]
Table 'Caph' 6-max Seat #1 is the button
Seat 1: toze78PT (€10 in chips) 
Seat 2: Amoryempatia30 (€10.85 in chips) 
Seat 3: elpinkysharky (€5.56 in chips) 
Seat 4: gregoss054 (€11.70 in chips) 
Seat 5: pipinoelbreve9 (€10.30 in chips) 
Seat 6: NAlexandru22 (€7.89 in chips) 
Amoryempatia30: posts small blind €0.05
elpinkysharky: posts big blind €0.10
*** HOLE CARDS ***
Dealt to pipinoelbreve9 [Jc Ac]
gregoss054: folds 
pipinoelbreve9: raises €0.15 to €0.25
NAlexandru22: folds 
toze78PT: folds 
Amoryempatia30: folds 
elpinkysharky: folds 
Uncalled bet (€0.15) returned to pipinoelbreve9
pipinoelbreve9 collected €0.25 from pot
pipinoelbreve9: doesn't show hand 
*** SUMMARY ***
Total pot €0.25 | Rake €0 
Seat 1: toze78PT (button) folded before Flop (didn't bet)
Seat 2: Amoryempatia30 (small blind) folded before Flop
Seat 3: elpinkysharky (big blind) folded before Flop
Seat 4: gregoss054 folded before Flop (didn't bet)
Seat 5: pipinoelbreve9 collected (€0.25)
Seat 6: NAlexandru22 folded before Flop (didn't bet)



PokerStars Zoom Hand #258255489057:  Hold'em No Limit (€0.05/€0.10) - 2025/10/25 12:49:12 CET [2025/10/25 6:49:12 ET]
Table 'Caph' 6-max Seat #1 is the button
Seat 1: Dr.Quesada73 (€10.90 in chips) 
Seat 2: ziz_fenomeno (€6.95 in chips) 
Seat 3: KKKJJJ730 (€12.22 in chips) 
Seat 4: pipinoelbreve9 (€10.45 in chips) 
Seat 5: alexdu66890 (€4.55 in chips) 
Seat 6: vownzz (€18.99 in chips) 
ziz_fenomeno: posts small blind €0.05
KKKJJJ730: posts big blind €0.10
*** HOLE CARDS ***
Dealt to pipinoelbreve9 [3c 8h]
pipinoelbreve9: folds 
alexdu66890: folds 
vownzz: folds 
Dr.Quesada73: folds 
ziz_fenomeno: folds 
Uncalled bet (€0.05) returned to KKKJJJ730
KKKJJJ730 collected €0.10 from pot
KKKJJJ730: doesn't show hand 
*** SUMMARY ***
Total pot €0.10 | Rake €0 
Seat 1: Dr.Quesada73 (button) folded before Flop (didn't bet)
Seat 2: ziz_fenomeno (small blind) folded before Flop
Seat 3: KKKJJJ730 (big blind) collected (€0.10)
Seat 4: pipinoelbreve9 folded before Flop (didn't bet)
Seat 5: alexdu66890 folded before Flop (didn't bet)
Seat 6: vownzz folded before Flop (didn't bet)



PokerStars Zoom Hand #258255489472:  Hold'em No Limit (€0.05/€0.10) - 2025/10/25 12:49:16 CET [2025/10/25 6:49:16 ET]
Table 'Caph' 6-max Seat #1 is the button
Seat 1: Dariobasta (€26.95 in chips) 
Seat 2: vownzz (€18.99 in chips) 
Seat 3: pipinoelbreve9 (€10.45 in chips) 
Seat 4: alexdu66890 (€4.55 in chips) 
Seat 5: DiferentUser (€12.96 in chips) 
Seat 6: RodCarv3 (€10.20 in chips) 
vownzz: posts small blind €0.05
pipinoelbreve9: posts big blind €0.10
*** HOLE CARDS ***
Dealt to pipinoelbreve9 [Kd 8d]
alexdu66890: calls €0.10
DiferentUser: folds 
RodCarv3: folds 
Dariobasta: raises €0.20 to €0.30
vownzz: folds 
pipinoelbreve9: calls €0.20
alexdu66890: calls €0.20
*** FLOP *** [Jc Kc Ad]
pipinoelbreve9: checks 
alexdu66890: checks 
Dariobasta: bets €0.30
pipinoelbreve9: calls €0.30
alexdu66890: folds 
*** TURN *** [Jc Kc Ad] [3s]
pipinoelbreve9: checks 
Dariobasta: checks 
*** RIVER *** [Jc Kc Ad 3s] [2c]
pipinoelbreve9: checks 
Dariobasta: checks 
*** SHOW DOWN ***
pipinoelbreve9: shows [Kd 8d] (a pair of Kings)
Dariobasta: shows [Th As] (a pair of Aces)
Dariobasta collected €1.47 from pot
*** SUMMARY ***
Total pot €1.55 | Rake €0.08 
Board [Jc Kc Ad 3s 2c]
Seat 1: Dariobasta (button) showed [Th As] and won (€1.47) with a pair of Aces
Seat 2: vownzz (small blind) folded before Flop
Seat 3: pipinoelbreve9 (big blind) showed [Kd 8d] and lost with a pair of Kings
Seat 4: alexdu66890 folded on the Flop
Seat 5: DiferentUser folded before Flop (didn't bet)
Seat 6: RodCarv3 folded before Flop (didn't bet)



PokerStars Zoom Hand #258255488651:  Hold'em No Limit (€0.05/€0.10) - 2025/10/25 12:49:08 CET [2025/10/25 6:49:08 ET]
Table 'Caph' 6-max Seat #1 is the button
Seat 1: toze78PT (€12.83 in chips) 
Seat 2: RodCarv3 (€10 in chips) 
Seat 3: ziz_fenomeno (€5.32 in chips) 
Seat 4: alexdu66890 (€4.55 in chips) 
Seat 5: pipinoelbreve9 (€10.45 in chips) 
Seat 6: DiferentUser (€12.96 in chips) 
RodCarv3: posts small blind €0.05
ziz_fenomeno: posts big blind €0.10
*** HOLE CARDS ***
Dealt to pipinoelbreve9 [7d 9h]
alexdu66890: folds 
pipinoelbreve9: folds 
DiferentUser: folds 
toze78PT: raises €0.20 to €0.30
RodCarv3: folds 
ziz_fenomeno: calls €0.20
*** FLOP *** [8c 2h Tc]
ziz_fenomeno: checks 
toze78PT: bets €0.31
ziz_fenomeno: raises €0.39 to €0.70
toze78PT: calls €0.39
*** TURN *** [8c 2h Tc] [5c]
ziz_fenomeno: bets €2
toze78PT: folds 
Uncalled bet (€2) returned to ziz_fenomeno
ziz_fenomeno collected €1.95 from pot
ziz_fenomeno: doesn't show hand 
*** SUMMARY ***
Total pot €2.05 | Rake €0.10 
Board [8c 2h Tc 5c]
Seat 1: toze78PT (button) folded on the Turn
Seat 2: RodCarv3 (small blind) folded before Flop
Seat 3: ziz_fenomeno (big blind) collected (€1.95)
Seat 4: alexdu66890 folded before Flop (didn't bet)
Seat 5: pipinoelbreve9 folded before Flop (didn't bet)
Seat 6: DiferentUser folded before Flop (didn't bet)



PokerStars Zoom Hand #258255493542:  Hold'em No Limit (€0.05/€0.10) - 2025/10/25 12:49:56 CET [2025/10/25 6:49:56 ET]
Table 'Caph' 6-max Seat #1 is the button
Seat 1: PoyaLocaa (€10 in chips) 
Seat 2: pipinoelbreve9 (€10 in chips) 
Seat 3: Dr.Quesada73 (€10.75 in chips) 
Seat 4: Dariobasta (€27.82 in chips) 
Seat 5: KKKJJJ730 (€12.12 in chips) 
Seat 6: DiferentUser (€10.43 in chips) 
pipinoelbreve9: posts small blind €0.05
Dr.Quesada73: posts big blind €0.10
*** HOLE CARDS ***
Dealt to pipinoelbreve9 [Jd 8s]
Dariobasta: raises €0.10 to €0.20
KKKJJJ730: folds 
DiferentUser: folds 
PoyaLocaa: folds 
pipinoelbreve9: folds 
Dr.Quesada73: folds 
Uncalled bet (€0.10) returned to Dariobasta
Dariobasta collected €0.25 from pot
Dariobasta: doesn't show hand 
*** SUMMARY ***
Total pot €0.25 | Rake €0 
Seat 1: PoyaLocaa (button) folded before Flop (didn't bet)
Seat 2: pipinoelbreve9 (small blind) folded before Flop
Seat 3: Dr.Quesada73 (big blind) folded before Flop
Seat 4: Dariobasta collected (€0.25)
Seat 5: KKKJJJ730 folded before Flop (didn't bet)
Seat 6: DiferentUser folded before Flop (didn't bet)



PokerStars Zoom Hand #258255494251:  Hold'em No Limit (€0.05/€0.10) - 2025/10/25 12:50:03 CET [2025/10/25 6:50:03 ET]
Table 'Caph' 6-max Seat #1 is the button
Seat 1: pipinoelbreve9 (€10 in chips) 
Seat 2: açor sempre (€6.46 in chips) 
Seat 3: vownzz (€17.92 in chips) 
Seat 4: KKKJJJ730 (€10.93 in chips) 
Seat 5: DiferentUser (€10.43 in chips) 
Seat 6: PoyaLocaa (€11.06 in chips) 
açor sempre: posts small blind €0.05
vownzz: posts big blind €0.10
*** HOLE CARDS ***
Dealt to pipinoelbreve9 [Js Qs]
KKKJJJ730: folds 
DiferentUser: folds 
PoyaLocaa: raises €0.15 to €0.25
pipinoelbreve9: raises €0.55 to €0.80
açor sempre: folds 
vownzz: folds 
PoyaLocaa: folds 
Uncalled bet (€0.55) returned to pipinoelbreve9
pipinoelbreve9 collected €0.65 from pot
pipinoelbreve9: doesn't show hand 
*** SUMMARY ***
Total pot €0.65 | Rake €0 
Seat 1: pipinoelbreve9 (button) collected (€0.65)
Seat 2: açor sempre (small blind) folded before Flop
Seat 3: vownzz (big blind) folded before Flop
Seat 4: KKKJJJ730 folded before Flop (didn't bet)
Seat 5: DiferentUser folded before Flop (didn't bet)
Seat 6: PoyaLocaa folded before Flop



PokerStars Zoom Hand #258255496865:  Hold'em No Limit (€0.05/€0.10) - 2025/10/25 12:50:28 CET [2025/10/25 6:50:28 ET]
Table 'Caph' 6-max Seat #1 is the button
Seat 1: ruiandrad157 (€7.56 in chips) 
Seat 2: Amoryempatia30 (€12.72 in chips) 
Seat 3: pipinoelbreve9 (€10.40 in chips) 
Seat 4: toze78PT (€10.05 in chips) 
Seat 5: vownzz (€18.74 in chips) 
Seat 6: ziz_fenomeno (€7.26 in chips) 
Amoryempatia30: posts small blind €0.05
pipinoelbreve9: posts big blind €0.10
*** HOLE CARDS ***
Dealt to pipinoelbreve9 [3h 5c]
toze78PT: folds 
vownzz: folds 
ziz_fenomeno: raises €0.18 to €0.28
ruiandrad157: folds 
Amoryempatia30: folds 
pipinoelbreve9: folds 
Uncalled bet (€0.18) returned to ziz_fenomeno
ziz_fenomeno collected €0.25 from pot
ziz_fenomeno: doesn't show hand 
*** SUMMARY ***
Total pot €0.25 | Rake €0 
Seat 1: ruiandrad157 (button) folded before Flop (didn't bet)
Seat 2: Amoryempatia30 (small blind) folded before Flop
Seat 3: pipinoelbreve9 (big blind) folded before Flop
Seat 4: toze78PT folded before Flop (didn't bet)
Seat 5: vownzz folded before Flop (didn't bet)
Seat 6: ziz_fenomeno collected (€0.25)



PokerStars Zoom Hand #258255498516:  Hold'em No Limit (€0.05/€0.10) - 2025/10/25 12:50:44 CET [2025/10/25 6:50:44 ET]
Table 'Caph' 6-max Seat #1 is the button
Seat 1: gregoss054 (€11.75 in chips) 
Seat 2: pipinoelbreve9 (€10.30 in chips) 
Seat 3: panpan2a (€8.10 in chips) 
Seat 4: vownzz (€18.69 in chips) 
Seat 5: ziz_fenomeno (€7.36 in chips) 
Seat 6: PoyaLocaa (€10.13 in chips) 
pipinoelbreve9: posts small blind €0.05
panpan2a: posts big blind €0.10
*** HOLE CARDS ***
Dealt to pipinoelbreve9 [7c Th]
vownzz: folds 
ziz_fenomeno: folds 
PoyaLocaa: folds 
gregoss054: folds 
pipinoelbreve9: folds 
Uncalled bet (€0.05) returned to panpan2a
panpan2a collected €0.10 from pot
panpan2a: doesn't show hand 
*** SUMMARY ***
Total pot €0.10 | Rake €0 
Seat 1: gregoss054 (button) folded before Flop (didn't bet)
Seat 2: pipinoelbreve9 (small blind) folded before Flop
Seat 3: panpan2a (big blind) collected (€0.10)
Seat 4: vownzz folded before Flop (didn't bet)
Seat 5: ziz_fenomeno folded before Flop (didn't bet)
Seat 6: PoyaLocaa folded before Flop (didn't bet)



PokerStars Zoom Hand #258255497352:  Hold'em No Limit (€0.05/€0.10) - 2025/10/25 12:50:33 CET [2025/10/25 6:50:33 ET]
Table 'Caph' 6-max Seat #1 is the button
Seat 1: RodCarv3 (€10 in chips) 
Seat 2: vownzz (€18.74 in chips) 
Seat 3: elpinkysharky (€5.06 in chips) 
Seat 4: PoyaLocaa (€10.71 in chips) 
Seat 5: KKKJJJ730 (€11.03 in chips) 
Seat 6: pipinoelbreve9 (€10.30 in chips) 
vownzz: posts small blind €0.05
elpinkysharky: posts big blind €0.10
*** HOLE CARDS ***
Dealt to pipinoelbreve9 [7h Qs]
PoyaLocaa: folds 
KKKJJJ730: raises €0.15 to €0.25
pipinoelbreve9: folds 
RodCarv3: folds 
vownzz: folds 
elpinkysharky: calls €0.15
*** FLOP *** [8d 3d 8c]
elpinkysharky: bets €0.20
KKKJJJ730: calls €0.20
*** TURN *** [8d 3d 8c] [Jc]
elpinkysharky: checks 
KKKJJJ730: bets €0.68
elpinkysharky: folds 
Uncalled bet (€0.68) returned to KKKJJJ730
KKKJJJ730 collected €0.90 from pot
KKKJJJ730: doesn't show hand 
*** SUMMARY ***
Total pot €0.95 | Rake €0.05 
Board [8d 3d 8c Jc]
Seat 1: RodCarv3 (button) folded before Flop (didn't bet)
Seat 2: vownzz (small blind) folded before Flop
Seat 3: elpinkysharky (big blind) folded on the Turn
Seat 4: PoyaLocaa folded before Flop (didn't bet)
Seat 5: KKKJJJ730 collected (€0.90)
Seat 6: pipinoelbreve9 folded before Flop (didn't bet)



PokerStars Zoom Hand #258255495923:  Hold'em No Limit (€0.05/€0.10) - 2025/10/25 12:50:19 CET [2025/10/25 6:50:19 ET]
Table 'Caph' 6-max Seat #1 is the button
Seat 1: pipinoelbreve9 (€10.40 in chips) 
Seat 2: PraiaSolMar (€4.30 in chips) 
Seat 3: PoyaLocaa (€10.40 in chips) 
Seat 4: didao97 (€2.92 in chips) 
Seat 5: RodCarv3 (€10.05 in chips) 
Seat 6: Dr.Quesada73 (€10.65 in chips) 
PraiaSolMar: posts small blind €0.05
PoyaLocaa: posts big blind €0.10
*** HOLE CARDS ***
Dealt to pipinoelbreve9 [4d 6h]
didao97: raises €0.17 to €0.27
RodCarv3: folds 
Dr.Quesada73: folds 
pipinoelbreve9: folds 
PraiaSolMar: calls €0.22
PoyaLocaa: calls €0.17
*** FLOP *** [2h Js 2s]
PraiaSolMar: bets €0.20
PoyaLocaa: folds 
didao97: calls €0.20
*** TURN *** [2h Js 2s] [Jc]
PraiaSolMar: bets €0.20
didao97: calls €0.20
*** RIVER *** [2h Js 2s Jc] [9d]
PraiaSolMar: bets €0.40
didao97: raises €0.55 to €0.95
PraiaSolMar: calls €0.55
*** SHOW DOWN ***
didao97: shows [Kh Jh] (a full house, Jacks full of Deuces)
PraiaSolMar: mucks hand 
didao97 collected €3.33 from pot
*** SUMMARY ***
Total pot €3.51 | Rake €0.18 
Board [2h Js 2s Jc 9d]
Seat 1: pipinoelbreve9 (button) folded before Flop (didn't bet)
Seat 2: PraiaSolMar (small blind) mucked [3s 3c]
Seat 3: PoyaLocaa (big blind) folded on the Flop
Seat 4: didao97 showed [Kh Jh] and won (€3.33) with a full house, Jacks full of Deuces
Seat 5: RodCarv3 folded before Flop (didn't bet)
Seat 6: Dr.Quesada73 folded before Flop (didn't bet)



PokerStars Zoom Hand #258255498837:  Hold'em No Limit (€0.05/€0.10) - 2025/10/25 12:50:47 CET [2025/10/25 6:50:47 ET]
Table 'Caph' 6-max Seat #1 is the button
Seat 1: NunoSoares18 (€8.96 in chips) 
Seat 2: PoyaLocaa (€10.13 in chips) 
Seat 3: asanchezbcn (€10 in chips) 
Seat 4: Angeljura2 (€19.78 in chips) 
Seat 5: pipinoelbreve9 (€10.25 in chips) 
Seat 6: RodCarv3 (€39.30 in chips) 
PoyaLocaa: posts small blind €0.05
asanchezbcn: posts big blind €0.10
*** HOLE CARDS ***
Dealt to pipinoelbreve9 [5h 6s]
Angeljura2: folds 
pipinoelbreve9: folds 
RodCarv3: folds 
NunoSoares18: folds 
PoyaLocaa: raises €0.15 to €0.25
asanchezbcn: calls €0.15
*** FLOP *** [4c 7s Tc]
PoyaLocaa: bets €0.32
asanchezbcn: calls €0.32
*** TURN *** [4c 7s Tc] [Kc]
PoyaLocaa: checks 
asanchezbcn: bets €1.08
PoyaLocaa: calls €1.08
*** RIVER *** [4c 7s Tc Kc] [3h]
PoyaLocaa: checks 
asanchezbcn: bets €3.14
PoyaLocaa: folds 
Uncalled bet (€3.14) returned to asanchezbcn
asanchezbcn collected €3.14 from pot
asanchezbcn: doesn't show hand 
*** SUMMARY ***
Total pot €3.30 | Rake €0.16 
Board [4c 7s Tc Kc 3h]
Seat 1: NunoSoares18 (button) folded before Flop (didn't bet)
Seat 2: PoyaLocaa (small blind) folded on the River
Seat 3: asanchezbcn (big blind) collected (€3.14)
Seat 4: Angeljura2 folded before Flop (didn't bet)
Seat 5: pipinoelbreve9 folded before Flop (didn't bet)
Seat 6: RodCarv3 folded before Flop (didn't bet)



PokerStars Zoom Hand #258255500174:  Hold'em No Limit (€0.05/€0.10) - 2025/10/25 12:51:00 CET [2025/10/25 6:51:00 ET]
Table 'Caph' 6-max Seat #1 is the button
Seat 1: pipinoelbreve9 (€10.25 in chips) 
Seat 2: Angeljura2 (€10 in chips) 
Seat 3: STEAKssss (€10 in chips) 
Seat 4: NunoSoares18 (€8.91 in chips) 
Seat 5: gregoss054 (€11.70 in chips) 
Seat 6: vilella97 (€10.27 in chips) 
Angeljura2: posts small blind €0.05
STEAKssss: posts big blind €0.10
*** HOLE CARDS ***
Dealt to pipinoelbreve9 [Td Qh]
NunoSoares18: folds 
gregoss054: folds 
vilella97: raises €0.10 to €0.20
pipinoelbreve9: folds 
Angeljura2: folds 
STEAKssss: folds 
Uncalled bet (€0.10) returned to vilella97
vilella97 collected €0.25 from pot
vilella97: doesn't show hand 
*** SUMMARY ***
Total pot €0.25 | Rake €0 
Seat 1: pipinoelbreve9 (button) folded before Flop (didn't bet)
Seat 2: Angeljura2 (small blind) folded before Flop
Seat 3: STEAKssss (big blind) folded before Flop
Seat 4: NunoSoares18 folded before Flop (didn't bet)
Seat 5: gregoss054 folded before Flop (didn't bet)
Seat 6: vilella97 collected (€0.25)



PokerStars Zoom Hand #258255499862:  Hold'em No Limit (€0.05/€0.10) - 2025/10/25 12:50:57 CET [2025/10/25 6:50:57 ET]
Table 'Caph' 6-max Seat #1 is the button
Seat 1: alexdu66890 (€3.43 in chips) 
Seat 2: NunoSoares18 (€8.96 in chips) 
Seat 3: Garcilaso AA (€10.65 in chips) 
Seat 4: pipinoelbreve9 (€10.25 in chips) 
Seat 5: Angeljura2 (€10 in chips) 
Seat 6: vownzz (€21.22 in chips) 
NunoSoares18: posts small blind €0.05
Garcilaso AA: posts big blind €0.10
*** HOLE CARDS ***
Dealt to pipinoelbreve9 [Jh 2c]
pipinoelbreve9: folds 
Angeljura2: folds 
vownzz: raises €0.12 to €0.22
alexdu66890: folds 
NunoSoares18: folds 
Garcilaso AA: calls €0.12
*** FLOP *** [Th 5c 8h]
Garcilaso AA: checks 
vownzz: checks 
*** TURN *** [Th 5c 8h] [Qd]
Garcilaso AA: bets €0.20
vownzz: folds 
Uncalled bet (€0.20) returned to Garcilaso AA
Garcilaso AA collected €0.47 from pot
Garcilaso AA: doesn't show hand 
*** SUMMARY ***
Total pot €0.49 | Rake €0.02 
Board [Th 5c 8h Qd]
Seat 1: alexdu66890 (button) folded before Flop (didn't bet)
Seat 2: NunoSoares18 (small blind) folded before Flop
Seat 3: Garcilaso AA (big blind) collected (€0.47)
Seat 4: pipinoelbreve9 folded before Flop (didn't bet)
Seat 5: Angeljura2 folded before Flop (didn't bet)
Seat 6: vownzz folded on the Turn



PokerStars Zoom Hand #258255499489:  Hold'em No Limit (€0.05/€0.10) - 2025/10/25 12:50:53 CET [2025/10/25 6:50:53 ET]
Table 'Caph' 6-max Seat #1 is the button
Seat 1: nunorui (€10.05 in chips) 
Seat 2: Necada15 (€10.27 in chips) 
Seat 3: vownzz (€18.69 in chips) 
Seat 4: pipinoelbreve9 (€10.25 in chips) 
Seat 5: NunoSoares18 (€8.96 in chips) 
Seat 6: RodCarv3 (€10 in chips) 
Necada15: posts small blind €0.05
vownzz: posts big blind €0.10
*** HOLE CARDS ***
Dealt to pipinoelbreve9 [5d 4c]
pipinoelbreve9: folds 
NunoSoares18: folds 
RodCarv3: raises €0.15 to €0.25
nunorui: calls €0.25
Necada15: calls €0.20
vownzz: calls €0.15
*** FLOP *** [Ah 7d 5s]
Necada15: checks 
vownzz: checks 
RodCarv3: bets €0.31
nunorui: folds 
Necada15: folds 
vownzz: calls €0.31
*** TURN *** [Ah 7d 5s] [Ts]
vownzz: checks 
RodCarv3: bets €0.60
vownzz: folds 
Uncalled bet (€0.60) returned to RodCarv3
RodCarv3 collected €1.54 from pot
RodCarv3: doesn't show hand 
*** SUMMARY ***
Total pot €1.62 | Rake €0.08 
Board [Ah 7d 5s Ts]
Seat 1: nunorui (button) folded on the Flop
Seat 2: Necada15 (small blind) folded on the Flop
Seat 3: vownzz (big blind) folded on the Turn
Seat 4: pipinoelbreve9 folded before Flop (didn't bet)
Seat 5: NunoSoares18 folded before Flop (didn't bet)
Seat 6: RodCarv3 collected (€1.54)



PokerStars Zoom Hand #258255502203:  Hold'em No Limit (€0.05/€0.10) - 2025/10/25 12:51:20 CET [2025/10/25 6:51:20 ET]
Table 'Caph' 6-max Seat #1 is the button
Seat 1: toze78PT (€10.47 in chips) 
Seat 2: RodCarv3 (€10 in chips) 
Seat 3: pipinoelbreve9 (€10.25 in chips) 
Seat 4: Angeljura2 (€20.28 in chips) 
Seat 5: alexdu66890 (€3.28 in chips) 
Seat 6: hewasnotinvited (€10.05 in chips) 
RodCarv3: posts small blind €0.05
pipinoelbreve9: posts big blind €0.10
*** HOLE CARDS ***
Dealt to pipinoelbreve9 [Td 5d]
Angeljura2: folds 
alexdu66890: calls €0.10
hewasnotinvited: folds 
toze78PT: folds 
RodCarv3: folds 
pipinoelbreve9: checks 
*** FLOP *** [2c 4d Kd]
pipinoelbreve9: checks 
alexdu66890: bets €0.24
pipinoelbreve9: calls €0.24
*** TURN *** [2c 4d Kd] [Jc]
pipinoelbreve9: checks 
alexdu66890: bets €0.69
pipinoelbreve9: folds 
Uncalled bet (€0.69) returned to alexdu66890
alexdu66890 collected €0.69 from pot
alexdu66890: doesn't show hand 
*** SUMMARY ***
Total pot €0.73 | Rake €0.04 
Board [2c 4d Kd Jc]
Seat 1: toze78PT (button) folded before Flop (didn't bet)
Seat 2: RodCarv3 (small blind) folded before Flop
Seat 3: pipinoelbreve9 (big blind) folded on the Turn
Seat 4: Angeljura2 folded before Flop (didn't bet)
Seat 5: alexdu66890 collected (€0.69)
Seat 6: hewasnotinvited folded before Flop (didn't bet)



PokerStars Zoom Hand #258255501514:  Hold'em No Limit (€0.05/€0.10) - 2025/10/25 12:51:13 CET [2025/10/25 6:51:13 ET]
Table 'Caph' 6-max Seat #1 is the button
Seat 1: STEAKssss (€10 in chips) 
Seat 2: Depailler (€10.62 in chips) 
Seat 3: Pablo94sg (€13.08 in chips) 
Seat 4: rubencins (€5.45 in chips) 
Seat 5: pirres22 (€6.02 in chips) 
Seat 6: pipinoelbreve9 (€10.25 in chips) 
Depailler: posts small blind €0.05
Pablo94sg: posts big blind €0.10
*** HOLE CARDS ***
Dealt to pipinoelbreve9 [5h 4s]
rubencins: folds 
pirres22: folds 
pipinoelbreve9: folds 
STEAKssss: folds 
Depailler: raises €0.18 to €0.28
Pablo94sg: calls €0.18
*** FLOP *** [9s Jc 6c]
Depailler: checks 
Pablo94sg: bets €0.21
Depailler: calls €0.21
*** TURN *** [9s Jc 6c] [7c]
Depailler: checks 
Pablo94sg: bets €0.70
Depailler: folds 
Uncalled bet (€0.70) returned to Pablo94sg
Pablo94sg collected €0.93 from pot
Pablo94sg: doesn't show hand 
*** SUMMARY ***
Total pot €0.98 | Rake €0.05 
Board [9s Jc 6c 7c]
Seat 1: STEAKssss (button) folded before Flop (didn't bet)
Seat 2: Depailler (small blind) folded on the Turn
Seat 3: Pablo94sg (big blind) collected (€0.93)
Seat 4: rubencins folded before Flop (didn't bet)
Seat 5: pirres22 folded before Flop (didn't bet)
Seat 6: pipinoelbreve9 folded before Flop (didn't bet)



PokerStars Zoom Hand #258255505830:  Hold'em No Limit (€0.05/€0.10) - 2025/10/25 12:51:56 CET [2025/10/25 6:51:56 ET]
Table 'Caph' 6-max Seat #1 is the button
Seat 1: RodCarv3 (€10.93 in chips) 
Seat 2: pipinoelbreve9 (€10 in chips) 
Seat 3: Dariobasta (€28.45 in chips) 
Seat 4: vownzz (€21 in chips) 
Seat 5: Garcilaso AA (€10.85 in chips) 
Seat 6: hewasnotinvited (€9.90 in chips) 
pipinoelbreve9: posts small blind €0.05
Dariobasta: posts big blind €0.10
*** HOLE CARDS ***
Dealt to pipinoelbreve9 [8h Jd]
vownzz: raises €0.12 to €0.22
Garcilaso AA: folds 
hewasnotinvited: calls €0.22
RodCarv3: calls €0.22
pipinoelbreve9: folds 
Dariobasta: raises €0.88 to €1.10
vownzz: calls €0.88
hewasnotinvited: calls €0.88
RodCarv3: folds 
*** FLOP *** [Td 4d 6d]
Dariobasta: bets €1.12
vownzz: folds 
hewasnotinvited: folds 
Uncalled bet (€1.12) returned to Dariobasta
Dariobasta collected €3.39 from pot
Dariobasta: doesn't show hand 
*** SUMMARY ***
Total pot €3.57 | Rake €0.18 
Board [Td 4d 6d]
Seat 1: RodCarv3 (button) folded before Flop
Seat 2: pipinoelbreve9 (small blind) folded before Flop
Seat 3: Dariobasta (big blind) collected (€3.39)
Seat 4: vownzz folded on the Flop
Seat 5: Garcilaso AA folded before Flop (didn't bet)
Seat 6: hewasnotinvited folded on the Flop



PokerStars Zoom Hand #258255506439:  Hold'em No Limit (€0.05/€0.10) - 2025/10/25 12:52:02 CET [2025/10/25 6:52:02 ET]
Table 'Caph' 6-max Seat #1 is the button
Seat 1: Depailler (€11.06 in chips) 
Seat 2: SuperPiña2 (€10 in chips) 
Seat 3: panpan2a (€7.65 in chips) 
Seat 4: toze78PT (€10.52 in chips) 
Seat 5: pipinoelbreve9 (€10 in chips) 
Seat 6: Angeljura2 (€10 in chips) 
SuperPiña2: posts small blind €0.05
panpan2a: posts big blind €0.10
*** HOLE CARDS ***
Dealt to pipinoelbreve9 [3c 7d]
toze78PT: folds 
pipinoelbreve9: folds 
Angeljura2: folds 
Depailler: folds 
SuperPiña2: raises €0.20 to €0.30
panpan2a: calls €0.20
*** FLOP *** [Qs 5c 9h]
SuperPiña2: bets €0.18
panpan2a: calls €0.18
*** TURN *** [Qs 5c 9h] [Js]
SuperPiña2: checks 
panpan2a: bets €0.40
SuperPiña2: calls €0.40
*** RIVER *** [Qs 5c 9h Js] [2h]
SuperPiña2: checks 
panpan2a: checks 
*** SHOW DOWN ***
SuperPiña2: shows [Tc Qh] (a pair of Queens)
panpan2a: mucks hand 
SuperPiña2 collected €1.67 from pot
*** SUMMARY ***
Total pot €1.76 | Rake €0.09 
Board [Qs 5c 9h Js 2h]
Seat 1: Depailler (button) folded before Flop (didn't bet)
Seat 2: SuperPiña2 (small blind) showed [Tc Qh] and won (€1.67) with a pair of Queens
Seat 3: panpan2a (big blind) mucked [3h Jh]
Seat 4: toze78PT folded before Flop (didn't bet)
Seat 5: pipinoelbreve9 folded before Flop (didn't bet)
Seat 6: Angeljura2 folded before Flop (didn't bet)



PokerStars Zoom Hand #258255506944:  Hold'em No Limit (€0.05/€0.10) - 2025/10/25 12:52:07 CET [2025/10/25 6:52:07 ET]
Table 'Caph' 6-max Seat #1 is the button
Seat 1: pipinoelbreve9 (€10 in chips) 
Seat 2: RodCarv3 (€10.01 in chips) 
Seat 3: Angeljura2 (€20.23 in chips) 
Seat 4: Dariobasta (€14.16 in chips) 
Seat 5: alexdu66890 (€3.63 in chips) 
Seat 6: vownzz (€17.63 in chips) 
RodCarv3: posts small blind €0.05
Angeljura2: posts big blind €0.10
*** HOLE CARDS ***
Dealt to pipinoelbreve9 [8s Tc]
Dariobasta: folds 
alexdu66890: calls €0.10
vownzz: folds 
pipinoelbreve9: folds 
RodCarv3: folds 
Angeljura2: checks 
*** FLOP *** [Ad 3s Qd]
Angeljura2: checks 
alexdu66890: checks 
*** TURN *** [Ad 3s Qd] [8c]
Angeljura2: checks 
alexdu66890: checks 
*** RIVER *** [Ad 3s Qd 8c] [6s]
Angeljura2: checks 
alexdu66890: bets €0.10
Angeljura2: folds 
Uncalled bet (€0.10) returned to alexdu66890
alexdu66890 collected €0.24 from pot
alexdu66890: doesn't show hand 
*** SUMMARY ***
Total pot €0.25 | Rake €0.01 
Board [Ad 3s Qd 8c 6s]
Seat 1: pipinoelbreve9 (button) folded before Flop (didn't bet)
Seat 2: RodCarv3 (small blind) folded before Flop
Seat 3: Angeljura2 (big blind) folded on the River
Seat 4: Dariobasta folded before Flop (didn't bet)
Seat 5: alexdu66890 collected (€0.24)
Seat 6: vownzz folded before Flop (didn't bet)



PokerStars Zoom Hand #258255550746:  Hold'em No Limit (€0.05/€0.10) - 2025/10/25 12:59:59 CET [2025/10/25 6:59:59 ET]
Table 'Caph' 6-max Seat #1 is the button
Seat 1: codebarre00 (€13.17 in chips) 
Seat 2: pipinoelbreve9 (€10 in chips) 
Seat 3: vownzz (€17.91 in chips) 
Seat 4: toze78PT (€10 in chips) 
Seat 5: RodCarv3 (€33.34 in chips) 
Seat 6: aaboga (€9.10 in chips) 
pipinoelbreve9: posts small blind €0.05
vownzz: posts big blind €0.10
*** HOLE CARDS ***
Dealt to pipinoelbreve9 [Td 7s]
toze78PT: folds 
RodCarv3: folds 
aaboga: raises €0.25 to €0.35
codebarre00: folds 
pipinoelbreve9: folds 
vownzz: folds 
Uncalled bet (€0.25) returned to aaboga
aaboga collected €0.25 from pot
aaboga: doesn't show hand 
*** SUMMARY ***
Total pot €0.25 | Rake €0 
Seat 1: codebarre00 (button) folded before Flop (didn't bet)
Seat 2: pipinoelbreve9 (small blind) folded before Flop
Seat 3: vownzz (big blind) folded before Flop
Seat 4: toze78PT folded before Flop (didn't bet)
Seat 5: RodCarv3 folded before Flop (didn't bet)
Seat 6: aaboga collected (€0.25)



PokerStars Zoom Hand #258255551055:  Hold'em No Limit (€0.05/€0.10) - 2025/10/25 13:00:03 CET [2025/10/25 7:00:03 ET]
Table 'Caph' 6-max Seat #1 is the button
Seat 1: rios20 (€5 in chips) 
Seat 2: basukun (€13.99 in chips) 
Seat 3: pipinoelbreve9 (€10 in chips) 
Seat 4: RodCarv3 (€10.05 in chips) 
Seat 5: codebarre00 (€13.17 in chips) 
Seat 6: toze78PT (€10 in chips) 
basukun: posts small blind €0.05
pipinoelbreve9: posts big blind €0.10
*** HOLE CARDS ***
Dealt to pipinoelbreve9 [6h 5c]
RodCarv3: raises €0.15 to €0.25
codebarre00: folds 
toze78PT: folds 
rios20: folds 
basukun: calls €0.20
pipinoelbreve9: calls €0.15
*** FLOP *** [4c 7s 5h]
basukun: bets €0.80
pipinoelbreve9: calls €0.80
RodCarv3: folds 
*** TURN *** [4c 7s 5h] [8h]
basukun: bets €2.23
pipinoelbreve9: calls €2.23
*** RIVER *** [4c 7s 5h 8h] [Js]
basukun: checks 
pipinoelbreve9: bets €6.72 and is all-in
basukun: folds 
Uncalled bet (€6.72) returned to pipinoelbreve9
pipinoelbreve9 collected €6.47 from pot
pipinoelbreve9: doesn't show hand 
*** SUMMARY ***
Total pot €6.81 | Rake €0.34 
Board [4c 7s 5h 8h Js]
Seat 1: rios20 (button) folded before Flop (didn't bet)
Seat 2: basukun (small blind) folded on the River
Seat 3: pipinoelbreve9 (big blind) collected (€6.47)
Seat 4: RodCarv3 folded on the Flop
Seat 5: codebarre00 folded before Flop (didn't bet)
Seat 6: toze78PT folded before Flop (didn't bet)



PokerStars Zoom Hand #258255556846:  Hold'em No Limit (€0.05/€0.10) - 2025/10/25 13:01:04 CET [2025/10/25 7:01:04 ET]
Table 'Caph' 6-max Seat #1 is the button
Seat 1: Angeljura2 (€30.33 in chips) 
Seat 2: KKKJJJ730 (€11.20 in chips) 
Seat 3: S0ck37 (€21.01 in chips) 
Seat 4: pipinoelbreve9 (€13.19 in chips) 
Seat 5: toze78PT (€10 in chips) 
Seat 6: NAlexandru22 (€6.82 in chips) 
KKKJJJ730: posts small blind €0.05
S0ck37: posts big blind €0.10
*** HOLE CARDS ***
Dealt to pipinoelbreve9 [4h 5d]
pipinoelbreve9: folds 
toze78PT: folds 
NAlexandru22: folds 
Angeljura2: raises €0.15 to €0.25
KKKJJJ730: folds 
S0ck37: folds 
Uncalled bet (€0.15) returned to Angeljura2
Angeljura2 collected €0.25 from pot
Angeljura2: doesn't show hand 
*** SUMMARY ***
Total pot €0.25 | Rake €0 
Seat 1: Angeljura2 (button) collected (€0.25)
Seat 2: KKKJJJ730 (small blind) folded before Flop
Seat 3: S0ck37 (big blind) folded before Flop
Seat 4: pipinoelbreve9 folded before Flop (didn't bet)
Seat 5: toze78PT folded before Flop (didn't bet)
Seat 6: NAlexandru22 folded before Flop (didn't bet)



PokerStars Zoom Hand #258255556327:  Hold'em No Limit (€0.05/€0.10) - 2025/10/25 13:00:59 CET [2025/10/25 7:00:59 ET]
Table 'Caph' 6-max Seat #1 is the button
Seat 1: ZELIUG (€11.10 in chips) 
Seat 2: NAlexandru22 (€6.87 in chips) 
Seat 3: PoyaLocaa (€12.43 in chips) 
Seat 4: KKKJJJ730 (€11.20 in chips) 
Seat 5: SuperPiña2 (€13.62 in chips) 
Seat 6: pipinoelbreve9 (€13.19 in chips) 
NAlexandru22: posts small blind €0.05
PoyaLocaa: posts big blind €0.10
*** HOLE CARDS ***
Dealt to pipinoelbreve9 [8s 9d]
KKKJJJ730: folds 
SuperPiña2 has timed out
SuperPiña2: folds 
pipinoelbreve9: folds 
ZELIUG: folds 
NAlexandru22: folds 
Uncalled bet (€0.05) returned to PoyaLocaa
PoyaLocaa collected €0.10 from pot
PoyaLocaa: doesn't show hand 
*** SUMMARY ***
Total pot €0.10 | Rake €0 
Seat 1: ZELIUG (button) folded before Flop (didn't bet)
Seat 2: NAlexandru22 (small blind) folded before Flop
Seat 3: PoyaLocaa (big blind) collected (€0.10)
Seat 4: KKKJJJ730 folded before Flop (didn't bet)
Seat 5: SuperPiña2 folded before Flop (didn't bet)
Seat 6: pipinoelbreve9 folded before Flop (didn't bet)



PokerStars Zoom Hand #258255557625:  Hold'em No Limit (€0.05/€0.10) - 2025/10/25 13:01:12 CET [2025/10/25 7:01:12 ET]
Table 'Caph' 6-max Seat #1 is the button
Seat 1: codebarre00 (€10 in chips) 
Seat 2: toze78PT (€10 in chips) 
Seat 3: Angelfs7 (€13.03 in chips) 
Seat 4: NAlexandru22 (€6.82 in chips) 
Seat 5: pipinoelbreve9 (€13.19 in chips) 
Seat 6: lobopardo161 (€11.24 in chips) 
toze78PT: posts small blind €0.05
Angelfs7: posts big blind €0.10
*** HOLE CARDS ***
Dealt to pipinoelbreve9 [9h Ts]
NAlexandru22: folds 
pipinoelbreve9: folds 
lobopardo161: folds 
codebarre00: folds 
toze78PT: folds 
Uncalled bet (€0.05) returned to Angelfs7
Angelfs7 collected €0.10 from pot
Angelfs7: doesn't show hand 
*** SUMMARY ***
Total pot €0.10 | Rake €0 
Seat 1: codebarre00 (button) folded before Flop (didn't bet)
Seat 2: toze78PT (small blind) folded before Flop
Seat 3: Angelfs7 (big blind) collected (€0.10)
Seat 4: NAlexandru22 folded before Flop (didn't bet)
Seat 5: pipinoelbreve9 folded before Flop (didn't bet)
Seat 6: lobopardo161 folded before Flop (didn't bet)



PokerStars Zoom Hand #258255558645:  Hold'em No Limit (€0.05/€0.10) - 2025/10/25 13:01:21 CET [2025/10/25 7:01:21 ET]
Table 'Caph' 6-max Seat #1 is the button
Seat 1: Xiardy (€10.72 in chips) 
Seat 2: rios20 (€2.55 in chips) 
Seat 3: toze78PT (€10 in chips) 
Seat 4: pipinoelbreve9 (€13.19 in chips) 
Seat 5: dragonfly2467 (€11.77 in chips) 
Seat 6: S0ck37 (€20.86 in chips) 
rios20: posts small blind €0.05
toze78PT: posts big blind €0.10
*** HOLE CARDS ***
Dealt to pipinoelbreve9 [6s Th]
pipinoelbreve9: folds 
dragonfly2467: folds 
S0ck37: folds 
Xiardy: folds 
rios20: folds 
Uncalled bet (€0.05) returned to toze78PT
toze78PT collected €0.10 from pot
toze78PT: doesn't show hand 
*** SUMMARY ***
Total pot €0.10 | Rake €0 
Seat 1: Xiardy (button) folded before Flop (didn't bet)
Seat 2: rios20 (small blind) folded before Flop
Seat 3: toze78PT (big blind) collected (€0.10)
Seat 4: pipinoelbreve9 folded before Flop (didn't bet)
Seat 5: dragonfly2467 folded before Flop (didn't bet)
Seat 6: S0ck37 folded before Flop (didn't bet)



PokerStars Zoom Hand #258255558062:  Hold'em No Limit (€0.05/€0.10) - 2025/10/25 13:01:16 CET [2025/10/25 7:01:16 ET]
Table 'Caph' 6-max Seat #1 is the button
Seat 1: Dr.Quesada73 (€15.34 in chips) 
Seat 2: NAlexandru22 (€6.82 in chips) 
Seat 3: RodCarv3 (€10 in chips) 
Seat 4: Depailler (€10.21 in chips) 
Seat 5: vownzz (€18.77 in chips) 
Seat 6: pipinoelbreve9 (€13.19 in chips) 
NAlexandru22: posts small blind €0.05
RodCarv3: posts big blind €0.10
*** HOLE CARDS ***
Dealt to pipinoelbreve9 [6c Ad]
Depailler: folds 
vownzz: folds 
pipinoelbreve9: folds 
Dr.Quesada73: folds 
NAlexandru22: raises €0.15 to €0.25
RodCarv3: folds 
Uncalled bet (€0.15) returned to NAlexandru22
NAlexandru22 collected €0.20 from pot
NAlexandru22: doesn't show hand 
*** SUMMARY ***
Total pot €0.20 | Rake €0 
Seat 1: Dr.Quesada73 (button) folded before Flop (didn't bet)
Seat 2: NAlexandru22 (small blind) collected (€0.20)
Seat 3: RodCarv3 (big blind) folded before Flop
Seat 4: Depailler folded before Flop (didn't bet)
Seat 5: vownzz folded before Flop (didn't bet)
Seat 6: pipinoelbreve9 folded before Flop (didn't bet)



PokerStars Zoom Hand #258255559390:  Hold'em No Limit (€0.05/€0.10) - 2025/10/25 13:01:28 CET [2025/10/25 7:01:28 ET]
Table 'Caph' 6-max Seat #1 is the button
Seat 1: S0ck37 (€20.86 in chips) 
Seat 2: pipinoelbreve9 (€13.19 in chips) 
Seat 3: asanchezbcn (€11.58 in chips) 
Seat 4: KKKJJJ730 (€17.63 in chips) 
Seat 5: alexdu66890 (€3.84 in chips) 
Seat 6: dragonfly2467 (€11.77 in chips) 
pipinoelbreve9: posts small blind €0.05
asanchezbcn: posts big blind €0.10
*** HOLE CARDS ***
Dealt to pipinoelbreve9 [9d 8c]
KKKJJJ730: folds 
alexdu66890: calls €0.10
dragonfly2467: raises €0.20 to €0.30
S0ck37: folds 
pipinoelbreve9: folds 
asanchezbcn: folds 
alexdu66890: calls €0.20
*** FLOP *** [Th 4d 3c]
alexdu66890: checks 
dragonfly2467: checks 
*** TURN *** [Th 4d 3c] [5s]
alexdu66890: checks 
dragonfly2467: checks 
*** RIVER *** [Th 4d 3c 5s] [3d]
alexdu66890: checks 
dragonfly2467: checks 
*** SHOW DOWN ***
alexdu66890: shows [9c Ad] (a pair of Threes)
dragonfly2467: shows [Ac Jd] (a pair of Threes - Ace+Jack kicker)
dragonfly2467 collected €0.71 from pot
*** SUMMARY ***
Total pot €0.75 | Rake €0.04 
Board [Th 4d 3c 5s 3d]
Seat 1: S0ck37 (button) folded before Flop (didn't bet)
Seat 2: pipinoelbreve9 (small blind) folded before Flop
Seat 3: asanchezbcn (big blind) folded before Flop
Seat 4: KKKJJJ730 folded before Flop (didn't bet)
Seat 5: alexdu66890 showed [9c Ad] and lost with a pair of Threes
Seat 6: dragonfly2467 showed [Ac Jd] and won (€0.71) with a pair of Threes



PokerStars Zoom Hand #258255561058:  Hold'em No Limit (€0.05/€0.10) - 2025/10/25 13:01:44 CET [2025/10/25 7:01:44 ET]
Table 'Caph' 6-max Seat #1 is the button
Seat 1: Angeljura2 (€30.33 in chips) 
Seat 2: PraiaSolMar (€4.99 in chips) 
Seat 3: pipinoelbreve9 (€13.14 in chips) 
Seat 4: Angelfs7 (€11.03 in chips) 
Seat 5: Dr.Quesada73 (€15.44 in chips) 
Seat 6: PoyaLocaa (€9.75 in chips) 
PraiaSolMar: posts small blind €0.05
pipinoelbreve9: posts big blind €0.10
*** HOLE CARDS ***
Dealt to pipinoelbreve9 [9h 5c]
Angelfs7: folds 
Dr.Quesada73: raises €0.15 to €0.25
PoyaLocaa: folds 
Angeljura2: folds 
PraiaSolMar: calls €0.20
pipinoelbreve9: folds 
*** FLOP *** [6d Kd 5d]
PraiaSolMar: bets €0.20
Dr.Quesada73: folds 
Uncalled bet (€0.20) returned to PraiaSolMar
PraiaSolMar collected €0.57 from pot
PraiaSolMar: doesn't show hand 
*** SUMMARY ***
Total pot €0.60 | Rake €0.03 
Board [6d Kd 5d]
Seat 1: Angeljura2 (button) folded before Flop (didn't bet)
Seat 2: PraiaSolMar (small blind) collected (€0.57)
Seat 3: pipinoelbreve9 (big blind) folded before Flop
Seat 4: Angelfs7 folded before Flop (didn't bet)
Seat 5: Dr.Quesada73 folded on the Flop
Seat 6: PoyaLocaa folded before Flop (didn't bet)



PokerStars Zoom Hand #258255562611:  Hold'em No Limit (€0.05/€0.10) - 2025/10/25 13:02:00 CET [2025/10/25 7:02:00 ET]
Table 'Caph' 6-max Seat #1 is the button
Seat 1: pipinoelbreve9 (€13.04 in chips) 
Seat 2: vownzz (€21.86 in chips) 
Seat 3: asanchezbcn (€11.43 in chips) 
Seat 4: Pablo94sg (€17.07 in chips) 
Seat 5: toze78PT (€10.05 in chips) 
Seat 6: Xiardy (€16.13 in chips) 
vownzz: posts small blind €0.05
asanchezbcn: posts big blind €0.10
*** HOLE CARDS ***
Dealt to pipinoelbreve9 [Tc As]
Pablo94sg: folds 
toze78PT: folds 
Xiardy: folds 
pipinoelbreve9: raises €0.15 to €0.25
vownzz: folds 
asanchezbcn: folds 
Uncalled bet (€0.15) returned to pipinoelbreve9
pipinoelbreve9 collected €0.25 from pot
pipinoelbreve9: doesn't show hand 
*** SUMMARY ***
Total pot €0.25 | Rake €0 
Seat 1: pipinoelbreve9 (button) collected (€0.25)
Seat 2: vownzz (small blind) folded before Flop
Seat 3: asanchezbcn (big blind) folded before Flop
Seat 4: Pablo94sg folded before Flop (didn't bet)
Seat 5: toze78PT folded before Flop (didn't bet)
Seat 6: Xiardy folded before Flop (didn't bet)



PokerStars Zoom Hand #258255564590:  Hold'em No Limit (€0.05/€0.10) - 2025/10/25 13:02:19 CET [2025/10/25 7:02:19 ET]
Table 'Caph' 6-max Seat #1 is the button
Seat 1: vownzz (€16.50 in chips) 
Seat 2: KKKJJJ730 (€17.68 in chips) 
Seat 3: PoyaLocaa (€9.90 in chips) 
Seat 4: ZELIUG (€10 in chips) 
Seat 5: pipinoelbreve9 (€13.19 in chips) 
Seat 6: rubencins (€5 in chips) 
KKKJJJ730: posts small blind €0.05
PoyaLocaa: posts big blind €0.10
*** HOLE CARDS ***
Dealt to pipinoelbreve9 [6c 9s]
ZELIUG: folds 
pipinoelbreve9: folds 
rubencins: folds 
vownzz: folds 
KKKJJJ730: raises €0.10 to €0.20
PoyaLocaa: calls €0.10
*** FLOP *** [9c 4c 5c]
KKKJJJ730: bets €0.19
PoyaLocaa: folds 
Uncalled bet (€0.19) returned to KKKJJJ730
KKKJJJ730 collected €0.38 from pot
KKKJJJ730: doesn't show hand 
*** SUMMARY ***
Total pot €0.40 | Rake €0.02 
Board [9c 4c 5c]
Seat 1: vownzz (button) folded before Flop (didn't bet)
Seat 2: KKKJJJ730 (small blind) collected (€0.38)
Seat 3: PoyaLocaa (big blind) folded on the Flop
Seat 4: ZELIUG folded before Flop (didn't bet)
Seat 5: pipinoelbreve9 folded before Flop (didn't bet)
Seat 6: rubencins folded before Flop (didn't bet)



PokerStars Zoom Hand #258255565059:  Hold'em No Limit (€0.05/€0.10) - 2025/10/25 13:02:23 CET [2025/10/25 7:02:23 ET]
Table 'Caph' 6-max Seat #1 is the button
Seat 1: ZELIUG (€10 in chips) 
Seat 2: pipinoelbreve9 (€13.19 in chips) 
Seat 3: rubencins (€5 in chips) 
Seat 4: PraiaSolMar (€5.21 in chips) 
Seat 5: PoyaLocaa (€9.60 in chips) 
Seat 6: SuperPiña2 (€13.42 in chips) 
pipinoelbreve9: posts small blind €0.05
rubencins: posts big blind €0.10
*** HOLE CARDS ***
Dealt to pipinoelbreve9 [9c 3c]
PraiaSolMar: folds 
PoyaLocaa: folds 
SuperPiña2: folds 
ZELIUG: folds 
pipinoelbreve9: raises €0.15 to €0.25
rubencins: folds 
Uncalled bet (€0.15) returned to pipinoelbreve9
pipinoelbreve9 collected €0.20 from pot
pipinoelbreve9: doesn't show hand 
*** SUMMARY ***
Total pot €0.20 | Rake €0 
Seat 1: ZELIUG (button) folded before Flop (didn't bet)
Seat 2: pipinoelbreve9 (small blind) collected (€0.20)
Seat 3: rubencins (big blind) folded before Flop
Seat 4: PraiaSolMar folded before Flop (didn't bet)
Seat 5: PoyaLocaa folded before Flop (didn't bet)
Seat 6: SuperPiña2 folded before Flop (didn't bet)



PokerStars Zoom Hand #258255563983:  Hold'em No Limit (€0.05/€0.10) - 2025/10/25 13:02:13 CET [2025/10/25 7:02:13 ET]
Table 'Caph' 6-max Seat #1 is the button
Seat 1: lobopardo161 (€10.94 in chips) 
Seat 2: codebarre00 (€10 in chips) 
Seat 3: Pablo94sg (€17.07 in chips) 
Seat 4: Angeljura2 (€30.33 in chips) 
Seat 5: pipinoelbreve9 (€13.19 in chips) 
Seat 6: PoyaLocaa (€12.43 in chips) 
codebarre00: posts small blind €0.05
Pablo94sg: posts big blind €0.10
*** HOLE CARDS ***
Dealt to pipinoelbreve9 [6h Td]
Angeljura2: raises €0.15 to €0.25
pipinoelbreve9: folds 
PoyaLocaa: folds 
lobopardo161: folds 
codebarre00: folds 
Pablo94sg: calls €0.15
*** FLOP *** [8c 7h 8d]
Pablo94sg: bets €0.16
Angeljura2: folds 
Uncalled bet (€0.16) returned to Pablo94sg
Pablo94sg collected €0.52 from pot
Pablo94sg: doesn't show hand 
*** SUMMARY ***
Total pot €0.55 | Rake €0.03 
Board [8c 7h 8d]
Seat 1: lobopardo161 (button) folded before Flop (didn't bet)
Seat 2: codebarre00 (small blind) folded before Flop
Seat 3: Pablo94sg (big blind) collected (€0.52)
Seat 4: Angeljura2 folded on the Flop
Seat 5: pipinoelbreve9 folded before Flop (didn't bet)
Seat 6: PoyaLocaa folded before Flop (didn't bet)



PokerStars Zoom Hand #258255566336:  Hold'em No Limit (€0.05/€0.10) - 2025/10/25 13:02:35 CET [2025/10/25 7:02:35 ET]
Table 'Caph' 6-max Seat #1 is the button
Seat 1: DiferentUser (€10.23 in chips) 
Seat 2: PoyaLocaa (€9.60 in chips) 
Seat 3: Depailler (€11.80 in chips) 
Seat 4: pipinoelbreve9 (€13.29 in chips) 
Seat 5: iflis (€5.34 in chips) 
Seat 6: basukun (€11.71 in chips) 
PoyaLocaa: posts small blind €0.05
Depailler: posts big blind €0.10
*** HOLE CARDS ***
Dealt to pipinoelbreve9 [Js 2c]
pipinoelbreve9: folds 
iflis: raises €0.20 to €0.30
basukun: folds 
DiferentUser: folds 
PoyaLocaa: folds 
Depailler: folds 
Uncalled bet (€0.20) returned to iflis
iflis collected €0.25 from pot
iflis: doesn't show hand 
*** SUMMARY ***
Total pot €0.25 | Rake €0 
Seat 1: DiferentUser (button) folded before Flop (didn't bet)
Seat 2: PoyaLocaa (small blind) folded before Flop
Seat 3: Depailler (big blind) folded before Flop
Seat 4: pipinoelbreve9 folded before Flop (didn't bet)
Seat 5: iflis collected (€0.25)
Seat 6: basukun folded before Flop (didn't bet)



PokerStars Zoom Hand #258255568091:  Hold'em No Limit (€0.05/€0.10) - 2025/10/25 13:02:51 CET [2025/10/25 7:02:51 ET]
Table 'Caph' 6-max Seat #1 is the button
Seat 1: atila4224 (€6.14 in chips) 
Seat 2: Angeljura2 (€30.08 in chips) 
Seat 3: codebarre00 (€10 in chips) 
Seat 4: asanchezbcn (€11.43 in chips) 
Seat 5: basukun (€10 in chips) 
Seat 6: pipinoelbreve9 (€13.19 in chips) 
Angeljura2: posts small blind €0.05
codebarre00: posts big blind €0.10
*** HOLE CARDS ***
Dealt to pipinoelbreve9 [2h 4h]
asanchezbcn: folds 
basukun: folds 
pipinoelbreve9: folds 
atila4224: folds 
Angeljura2: folds 
Uncalled bet (€0.05) returned to codebarre00
codebarre00 collected €0.10 from pot
codebarre00: doesn't show hand 
*** SUMMARY ***
Total pot €0.10 | Rake €0 
Seat 1: atila4224 (button) folded before Flop (didn't bet)
Seat 2: Angeljura2 (small blind) folded before Flop
Seat 3: codebarre00 (big blind) collected (€0.10)
Seat 4: asanchezbcn folded before Flop (didn't bet)
Seat 5: basukun folded before Flop (didn't bet)
Seat 6: pipinoelbreve9 folded before Flop (didn't bet)



PokerStars Zoom Hand #258255566982:  Hold'em No Limit (€0.05/€0.10) - 2025/10/25 13:02:41 CET [2025/10/25 7:02:41 ET]
Table 'Caph' 6-max Seat #1 is the button
Seat 1: ZELIUG (€10.15 in chips) 
Seat 2: marinajose110 (€4.26 in chips) 
Seat 3: pipinoelbreve9 (€13.29 in chips) 
Seat 4: rubencins (€5 in chips) 
Seat 5: basukun (€11.71 in chips) 
Seat 6: Miguelx1978 (€5.20 in chips) 
marinajose110: posts small blind €0.05
pipinoelbreve9: posts big blind €0.10
*** HOLE CARDS ***
Dealt to pipinoelbreve9 [7d 9s]
rubencins: raises €0.20 to €0.30
basukun: folds 
Miguelx1978: calls €0.30
ZELIUG: calls €0.30
marinajose110: raises €3.96 to €4.26 and is all-in
pipinoelbreve9: folds 
rubencins: folds 
Miguelx1978: folds 
ZELIUG: folds 
Uncalled bet (€3.96) returned to marinajose110
marinajose110 collected €1.30 from pot
marinajose110: doesn't show hand 
*** SUMMARY ***
Total pot €1.30 | Rake €0 
Seat 1: ZELIUG (button) folded before Flop
Seat 2: marinajose110 (small blind) collected (€1.30)
Seat 3: pipinoelbreve9 (big blind) folded before Flop
Seat 4: rubencins folded before Flop
Seat 5: basukun folded before Flop (didn't bet)
Seat 6: Miguelx1978 folded before Flop



PokerStars Zoom Hand #258255569669:  Hold'em No Limit (€0.05/€0.10) - 2025/10/25 13:03:07 CET [2025/10/25 7:03:07 ET]
Table 'Caph' 6-max Seat #1 is the button
Seat 1: toze78PT (€10.66 in chips) 
Seat 2: Xiardy (€10 in chips) 
Seat 3: Depailler (€10 in chips) 
Seat 4: SFT17 (€10 in chips) 
Seat 5: alexdu66890 (€3.19 in chips) 
Seat 6: pipinoelbreve9 (€13.19 in chips) 
Xiardy: posts small blind €0.05
Depailler: posts big blind €0.10
*** HOLE CARDS ***
Dealt to pipinoelbreve9 [Kh Ts]
SFT17: folds 
alexdu66890: folds 
pipinoelbreve9: raises €0.15 to €0.25
toze78PT: folds 
Xiardy: folds 
Depailler: folds 
Uncalled bet (€0.15) returned to pipinoelbreve9
pipinoelbreve9 collected €0.25 from pot
pipinoelbreve9: doesn't show hand 
*** SUMMARY ***
Total pot €0.25 | Rake €0 
Seat 1: toze78PT (button) folded before Flop (didn't bet)
Seat 2: Xiardy (small blind) folded before Flop
Seat 3: Depailler (big blind) folded before Flop
Seat 4: SFT17 folded before Flop (didn't bet)
Seat 5: alexdu66890 folded before Flop (didn't bet)
Seat 6: pipinoelbreve9 collected (€0.25)



PokerStars Zoom Hand #258255569179:  Hold'em No Limit (€0.05/€0.10) - 2025/10/25 13:03:02 CET [2025/10/25 7:03:02 ET]
Table 'Caph' 6-max Seat #1 is the button
Seat 1: Xiardy (€10.90 in chips) 
Seat 2: didao97 (€13.16 in chips) 
Seat 3: ZELIUG (€10.55 in chips) 
Seat 4: pipinoelbreve9 (€13.19 in chips) 
Seat 5: Pablo94sg (€17.34 in chips) 
Seat 6: alexdu66890 (€3.19 in chips) 
didao97: posts small blind €0.05
ZELIUG: posts big blind €0.10
*** HOLE CARDS ***
Dealt to pipinoelbreve9 [5h 9s]
pipinoelbreve9: folds 
Pablo94sg: folds 
alexdu66890: folds 
Xiardy: folds 
didao97: calls €0.05
ZELIUG: raises €0.40 to €0.50
didao97: calls €0.40
*** FLOP *** [2h 3s 3c]
didao97: checks 
ZELIUG: checks 
*** TURN *** [2h 3s 3c] [9h]
didao97: checks 
ZELIUG: checks 
*** RIVER *** [2h 3s 3c 9h] [Js]
didao97: checks 
ZELIUG: bets €0.63
didao97: folds 
Uncalled bet (€0.63) returned to ZELIUG
ZELIUG collected €0.95 from pot
ZELIUG: doesn't show hand 
*** SUMMARY ***
Total pot €1 | Rake €0.05 
Board [2h 3s 3c 9h Js]
Seat 1: Xiardy (button) folded before Flop (didn't bet)
Seat 2: didao97 (small blind) folded on the River
Seat 3: ZELIUG (big blind) collected (€0.95)
Seat 4: pipinoelbreve9 folded before Flop (didn't bet)
Seat 5: Pablo94sg folded before Flop (didn't bet)
Seat 6: alexdu66890 folded before Flop (didn't bet)



PokerStars Zoom Hand #258255572155:  Hold'em No Limit (€0.05/€0.10) - 2025/10/25 13:03:30 CET [2025/10/25 7:03:30 ET]
Table 'Caph' 6-max Seat #1 is the button
Seat 1: codebarre00 (€10 in chips) 
Seat 2: Miguelx1978 (€5.20 in chips) 
Seat 3: rubencins (€5 in chips) 
Seat 4: FllanosB (€13.77 in chips) 
Seat 5: pipinoelbreve9 (€13.34 in chips) 
Seat 6: SFT17 (€10 in chips) 
Miguelx1978: posts small blind €0.05
rubencins: posts big blind €0.10
*** HOLE CARDS ***
Dealt to pipinoelbreve9 [Kc 4c]
FllanosB: folds 
pipinoelbreve9: folds 
SFT17: folds 
codebarre00: folds 
Miguelx1978: folds 
Uncalled bet (€0.05) returned to rubencins
rubencins collected €0.10 from pot
rubencins: doesn't show hand 
*** SUMMARY ***
Total pot €0.10 | Rake €0 
Seat 1: codebarre00 (button) folded before Flop (didn't bet)
Seat 2: Miguelx1978 (small blind) folded before Flop
Seat 3: rubencins (big blind) collected (€0.10)
Seat 4: FllanosB folded before Flop (didn't bet)
Seat 5: pipinoelbreve9 folded before Flop (didn't bet)
Seat 6: SFT17 folded before Flop (didn't bet)



PokerStars Zoom Hand #258255572711:  Hold'em No Limit (€0.05/€0.10) - 2025/10/25 13:03:35 CET [2025/10/25 7:03:35 ET]
Table 'Caph' 6-max Seat #1 is the button
Seat 1: vownzz (€21.81 in chips) 
Seat 2: FllanosB (€13.77 in chips) 
Seat 3: pipinoelbreve9 (€13.34 in chips) 
Seat 4: dragonfly2467 (€10.93 in chips) 
Seat 5: Miguelx1978 (€5.15 in chips) 
Seat 6: Depailler (€10 in chips) 
FllanosB: posts small blind €0.05
pipinoelbreve9: posts big blind €0.10
*** HOLE CARDS ***
Dealt to pipinoelbreve9 [6h 5c]
dragonfly2467: folds 
Miguelx1978: raises €0.20 to €0.30
Depailler: folds 
vownzz: raises €0.50 to €0.80
FllanosB: folds 
pipinoelbreve9: folds 
Miguelx1978: folds 
Uncalled bet (€0.50) returned to vownzz
vownzz collected €0.75 from pot
vownzz: doesn't show hand 
*** SUMMARY ***
Total pot €0.75 | Rake €0 
Seat 1: vownzz (button) collected (€0.75)
Seat 2: FllanosB (small blind) folded before Flop
Seat 3: pipinoelbreve9 (big blind) folded before Flop
Seat 4: dragonfly2467 folded before Flop (didn't bet)
Seat 5: Miguelx1978 folded before Flop
Seat 6: Depailler folded before Flop (didn't bet)



PokerStars Zoom Hand #258255567698:  Hold'em No Limit (€0.05/€0.10) - 2025/10/25 13:02:48 CET [2025/10/25 7:02:48 ET]
Table 'Caph' 6-max Seat #1 is the button
Seat 1: pipinoelbreve9 (€13.19 in chips) 
Seat 2: Dariobasta (€35.54 in chips) 
Seat 3: Nicoromero87 (€10.22 in chips) 
Seat 4: codebarre00 (€10 in chips) 
Seat 5: basukun (€10.42 in chips) 
Seat 6: Angeljura2 (€10.16 in chips) 
Dariobasta: posts small blind €0.05
Nicoromero87: posts big blind €0.10
*** HOLE CARDS ***
Dealt to pipinoelbreve9 [Th 8d]
codebarre00: folds 
basukun: folds 
Angeljura2: folds 
pipinoelbreve9: folds 
Dariobasta: raises €0.20 to €0.30
Nicoromero87: raises €0.60 to €0.90
Dariobasta: calls €0.60
*** FLOP *** [8c Tc 2h]
Dariobasta: bets €0.56
Nicoromero87: calls €0.56
*** TURN *** [8c Tc 2h] [4c]
Dariobasta: checks 
Nicoromero87: checks 
*** RIVER *** [8c Tc 2h 4c] [7h]
Dariobasta: bets €3.50
Nicoromero87: folds 
Uncalled bet (€3.50) returned to Dariobasta
Dariobasta collected €2.77 from pot
Dariobasta: doesn't show hand 
*** SUMMARY ***
Total pot €2.92 | Rake €0.15 
Board [8c Tc 2h 4c 7h]
Seat 1: pipinoelbreve9 (button) folded before Flop (didn't bet)
Seat 2: Dariobasta (small blind) collected (€2.77)
Seat 3: Nicoromero87 (big blind) folded on the River
Seat 4: codebarre00 folded before Flop (didn't bet)
Seat 5: basukun folded before Flop (didn't bet)
Seat 6: Angeljura2 folded before Flop (didn't bet)



PokerStars Zoom Hand #258255575705:  Hold'em No Limit (€0.05/€0.10) - 2025/10/25 13:04:03 CET [2025/10/25 7:04:03 ET]
Table 'Caph' 6-max Seat #1 is the button
Seat 1: pipinoelbreve9 (€13.19 in chips) 
Seat 2: Garcilaso AA (€17.33 in chips) 
Seat 3: lobopardo161 (€10.69 in chips) 
Seat 4: codebarre00 (€10.76 in chips) 
Seat 5: vownzz (€18.65 in chips) 
Seat 6: gregoss054 (€20.09 in chips) 
Garcilaso AA: posts small blind €0.05
lobopardo161: posts big blind €0.10
*** HOLE CARDS ***
Dealt to pipinoelbreve9 [8d 3c]
codebarre00: folds 
vownzz: folds 
gregoss054: folds 
pipinoelbreve9: folds 
Garcilaso AA: raises €0.20 to €0.30
lobopardo161: folds 
Uncalled bet (€0.20) returned to Garcilaso AA
Garcilaso AA collected €0.20 from pot
Garcilaso AA: doesn't show hand 
*** SUMMARY ***
Total pot €0.20 | Rake €0 
Seat 1: pipinoelbreve9 (button) folded before Flop (didn't bet)
Seat 2: Garcilaso AA (small blind) collected (€0.20)
Seat 3: lobopardo161 (big blind) folded before Flop
Seat 4: codebarre00 folded before Flop (didn't bet)
Seat 5: vownzz folded before Flop (didn't bet)
Seat 6: gregoss054 folded before Flop (didn't bet)



PokerStars Zoom Hand #258255576884:  Hold'em No Limit (€0.05/€0.10) - 2025/10/25 13:04:14 CET [2025/10/25 7:04:14 ET]
Table 'Caph' 6-max Seat #1 is the button
Seat 1: pipinoelbreve9 (€13.19 in chips) 
Seat 2: vownzz (€18.65 in chips) 
Seat 3: codebarre00 (€10 in chips) 
Seat 4: PoyaLocaa (€9.98 in chips) 
Seat 5: toze78PT (€10 in chips) 
Seat 6: Pablo94sg (€17.19 in chips) 
vownzz: posts small blind €0.05
codebarre00: posts big blind €0.10
*** HOLE CARDS ***
Dealt to pipinoelbreve9 [Kc 3h]
PoyaLocaa: folds 
toze78PT: folds 
Pablo94sg: folds 
pipinoelbreve9: folds 
vownzz: folds 
Uncalled bet (€0.05) returned to codebarre00
codebarre00 collected €0.10 from pot
codebarre00: doesn't show hand 
*** SUMMARY ***
Total pot €0.10 | Rake €0 
Seat 1: pipinoelbreve9 (button) folded before Flop (didn't bet)
Seat 2: vownzz (small blind) folded before Flop
Seat 3: codebarre00 (big blind) collected (€0.10)
Seat 4: PoyaLocaa folded before Flop (didn't bet)
Seat 5: toze78PT folded before Flop (didn't bet)
Seat 6: Pablo94sg folded before Flop (didn't bet)



PokerStars Zoom Hand #258255571641:  Hold'em No Limit (€0.05/€0.10) - 2025/10/25 13:03:25 CET [2025/10/25 7:03:25 ET]
Table 'Caph' 6-max Seat #1 is the button
Seat 1: aaboga (€9.79 in chips) 
Seat 2: FllanosB (€13.82 in chips) 
Seat 3: Xiardy (€10.15 in chips) 
Seat 4: pipinoelbreve9 (€13.34 in chips) 
Seat 5: DiferentUser (€9.90 in chips) 
Seat 6: rubencins (€5 in chips) 
FllanosB: posts small blind €0.05
Xiardy: posts big blind €0.10
*** HOLE CARDS ***
Dealt to pipinoelbreve9 [5s Jh]
pipinoelbreve9: folds 
DiferentUser: folds 
rubencins: folds 
aaboga: calls €0.10
FllanosB: folds 
Xiardy: checks 
*** FLOP *** [5c Tc 4d]
Xiardy: bets €0.35
aaboga: calls €0.35
*** TURN *** [5c Tc 4d] [5h]
Xiardy: bets €0.47
aaboga: calls €0.47
*** RIVER *** [5c Tc 4d 5h] [Ad]
Xiardy: checks 
aaboga: bets €1.80
Xiardy: folds 
Uncalled bet (€1.80) returned to aaboga
aaboga collected €1.80 from pot
aaboga: doesn't show hand 
*** SUMMARY ***
Total pot €1.89 | Rake €0.09 
Board [5c Tc 4d 5h Ad]
Seat 1: aaboga (button) collected (€1.80)
Seat 2: FllanosB (small blind) folded before Flop
Seat 3: Xiardy (big blind) folded on the River
Seat 4: pipinoelbreve9 folded before Flop (didn't bet)
Seat 5: DiferentUser folded before Flop (didn't bet)
Seat 6: rubencins folded before Flop (didn't bet)



PokerStars Zoom Hand #258255578024:  Hold'em No Limit (€0.05/€0.10) - 2025/10/25 13:04:25 CET [2025/10/25 7:04:25 ET]
Table 'Caph' 6-max Seat #1 is the button
Seat 1: gregoss054 (€20.04 in chips) 
Seat 2: Dr.Quesada73 (€15.75 in chips) 
Seat 3: pipinoelbreve9 (€13.19 in chips) 
Seat 4: vownzz (€18.60 in chips) 
Seat 5: Depailler (€12.98 in chips) 
Seat 6: Xiardy (€10.85 in chips) 
Dr.Quesada73: posts small blind €0.05
pipinoelbreve9: posts big blind €0.10
*** HOLE CARDS ***
Dealt to pipinoelbreve9 [2h 6d]
vownzz: folds 
Depailler: folds 
Xiardy: folds 
gregoss054: folds 
Dr.Quesada73: folds 
Uncalled bet (€0.05) returned to pipinoelbreve9
pipinoelbreve9 collected €0.10 from pot
pipinoelbreve9: doesn't show hand 
*** SUMMARY ***
Total pot €0.10 | Rake €0 
Seat 1: gregoss054 (button) folded before Flop (didn't bet)
Seat 2: Dr.Quesada73 (small blind) folded before Flop
Seat 3: pipinoelbreve9 (big blind) collected (€0.10)
Seat 4: vownzz folded before Flop (didn't bet)
Seat 5: Depailler folded before Flop (didn't bet)
Seat 6: Xiardy folded before Flop (didn't bet)



PokerStars Zoom Hand #258255574000:  Hold'em No Limit (€0.05/€0.10) - 2025/10/25 13:03:47 CET [2025/10/25 7:03:47 ET]
Table 'Caph' 6-max Seat #1 is the button
Seat 1: codebarre00 (€14.53 in chips) 
Seat 2: pipinoelbreve9 (€13.24 in chips) 
Seat 3: Garcilaso AA (€17.43 in chips) 
Seat 4: sandrasomm (€8.67 in chips) 
Seat 5: vownzz (€16.15 in chips) 
Seat 6: SFT17 (€10 in chips) 
pipinoelbreve9: posts small blind €0.05
Garcilaso AA: posts big blind €0.10
*** HOLE CARDS ***
Dealt to pipinoelbreve9 [Th 9c]
sandrasomm: raises €0.10 to €0.20
vownzz: raises €0.50 to €0.70
SFT17: folds 
codebarre00: calls €0.70
pipinoelbreve9: folds 
Garcilaso AA: folds 
sandrasomm: raises €0.50 to €1.20
vownzz: folds 
codebarre00: calls €0.50
*** FLOP *** [6c 4s 8c]
sandrasomm: bets €0.50
codebarre00: calls €0.50
*** TURN *** [6c 4s 8c] [8d]
sandrasomm: bets €1
codebarre00: calls €1
*** RIVER *** [6c 4s 8c 8d] [6s]
sandrasomm: bets €5.97 and is all-in
codebarre00: folds 
Uncalled bet (€5.97) returned to sandrasomm
sandrasomm collected €5.94 from pot
sandrasomm: doesn't show hand 
*** SUMMARY ***
Total pot €6.25 | Rake €0.31 
Board [6c 4s 8c 8d 6s]
Seat 1: codebarre00 (button) folded on the River
Seat 2: pipinoelbreve9 (small blind) folded before Flop
Seat 3: Garcilaso AA (big blind) folded before Flop
Seat 4: sandrasomm collected (€5.94)
Seat 5: vownzz folded before Flop
Seat 6: SFT17 folded before Flop (didn't bet)



PokerStars Zoom Hand #258255576145:  Hold'em No Limit (€0.05/€0.10) - 2025/10/25 13:04:07 CET [2025/10/25 7:04:07 ET]
Table 'Caph' 6-max Seat #1 is the button
Seat 1: vownzz (€18.65 in chips) 
Seat 2: codebarre00 (€10.76 in chips) 
Seat 3: Angeljura2 (€10.80 in chips) 
Seat 4: basukun (€11.12 in chips) 
Seat 5: Dr.Quesada73 (€15.70 in chips) 
Seat 6: pipinoelbreve9 (€13.19 in chips) 
codebarre00: posts small blind €0.05
Angeljura2: posts big blind €0.10
*** HOLE CARDS ***
Dealt to pipinoelbreve9 [2h Jd]
basukun: raises €0.10 to €0.20
Dr.Quesada73: folds 
pipinoelbreve9: folds 
vownzz: folds 
codebarre00: folds 
Angeljura2: calls €0.10
*** FLOP *** [Qd 6d 6s]
Angeljura2: checks 
basukun: checks 
*** TURN *** [Qd 6d 6s] [2d]
Angeljura2: bets €0.14
basukun: folds 
Uncalled bet (€0.14) returned to Angeljura2
Angeljura2 collected €0.43 from pot
Angeljura2: doesn't show hand 
*** SUMMARY ***
Total pot €0.45 | Rake €0.02 
Board [Qd 6d 6s 2d]
Seat 1: vownzz (button) folded before Flop (didn't bet)
Seat 2: codebarre00 (small blind) folded before Flop
Seat 3: Angeljura2 (big blind) collected (€0.43)
Seat 4: basukun folded on the Turn
Seat 5: Dr.Quesada73 folded before Flop (didn't bet)
Seat 6: pipinoelbreve9 folded before Flop (didn't bet)



PokerStars Zoom Hand #258255577282:  Hold'em No Limit (€0.05/€0.10) - 2025/10/25 13:04:18 CET [2025/10/25 7:04:18 ET]
Table 'Caph' 6-max Seat #1 is the button
Seat 1: Garcilaso AA (€17.43 in chips) 
Seat 2: DiferentUser (€10.21 in chips) 
Seat 3: Depailler (€10.38 in chips) 
Seat 4: PoyaLocaa (€10 in chips) 
Seat 5: pipinoelbreve9 (€13.19 in chips) 
Seat 6: Dariobasta (€36.85 in chips) 
DiferentUser: posts small blind €0.05
Depailler: posts big blind €0.10
*** HOLE CARDS ***
Dealt to pipinoelbreve9 [3s Kc]
PoyaLocaa: folds 
pipinoelbreve9: folds 
Dariobasta: folds 
Garcilaso AA: raises €0.15 to €0.25
DiferentUser: folds 
Depailler: calls €0.15
*** FLOP *** [Tc 4s 2c]
Depailler: checks 
Garcilaso AA: bets €0.20
Depailler: folds 
Uncalled bet (€0.20) returned to Garcilaso AA
Garcilaso AA collected €0.52 from pot
Garcilaso AA: doesn't show hand 
*** SUMMARY ***
Total pot €0.55 | Rake €0.03 
Board [Tc 4s 2c]
Seat 1: Garcilaso AA (button) collected (€0.52)
Seat 2: DiferentUser (small blind) folded before Flop
Seat 3: Depailler (big blind) folded on the Flop
Seat 4: PoyaLocaa folded before Flop (didn't bet)
Seat 5: pipinoelbreve9 folded before Flop (didn't bet)
Seat 6: Dariobasta folded before Flop (didn't bet)



PokerStars Zoom Hand #258255578996:  Hold'em No Limit (€0.05/€0.10) - 2025/10/25 13:04:34 CET [2025/10/25 7:04:34 ET]
Table 'Caph' 6-max Seat #1 is the button
Seat 1: DiferentUser (€10.16 in chips) 
Seat 2: pipinoelbreve9 (€13.24 in chips) 
Seat 3: Depailler (€12.98 in chips) 
Seat 4: Xiardy (€12.78 in chips) 
Seat 5: Dariobasta (€36.85 in chips) 
Seat 6: Dr.Quesada73 (€15.70 in chips) 
pipinoelbreve9: posts small blind €0.05
Depailler: posts big blind €0.10
*** HOLE CARDS ***
Dealt to pipinoelbreve9 [2h Ah]
Xiardy: raises €0.15 to €0.25
Dariobasta: folds 
Dr.Quesada73: folds 
DiferentUser: folds 
pipinoelbreve9: calls €0.20
Depailler: folds 
*** FLOP *** [Kd 5h 7c]
pipinoelbreve9: checks 
Xiardy: bets €0.14
pipinoelbreve9: calls €0.14
*** TURN *** [Kd 5h 7c] [Ac]
pipinoelbreve9: checks 
Xiardy: checks 
*** RIVER *** [Kd 5h 7c Ac] [8h]
pipinoelbreve9: bets €0.55
Xiardy: folds 
Uncalled bet (€0.55) returned to pipinoelbreve9
pipinoelbreve9 collected €0.84 from pot
pipinoelbreve9: doesn't show hand 
*** SUMMARY ***
Total pot €0.88 | Rake €0.04 
Board [Kd 5h 7c Ac 8h]
Seat 1: DiferentUser (button) folded before Flop (didn't bet)
Seat 2: pipinoelbreve9 (small blind) collected (€0.84)
Seat 3: Depailler (big blind) folded before Flop
Seat 4: Xiardy folded on the River
Seat 5: Dariobasta folded before Flop (didn't bet)
Seat 6: Dr.Quesada73 folded before Flop (didn't bet)



PokerStars Zoom Hand #258255633755:  Hold'em No Limit (€0.05/€0.10) - 2025/10/25 13:13:09 CET [2025/10/25 7:13:09 ET]
Table 'Caph' 6-max Seat #1 is the button
Seat 1: PoyaLocaa (€18.37 in chips) 
Seat 2: Xiardy (€18.45 in chips) 
Seat 3: rios20 (€6.42 in chips) 
Seat 4: allinfinity (€14.12 in chips) 
Seat 5: pipinoelbreve9 (€13.69 in chips) 
Seat 6: Angelfs7 (€19.94 in chips) 
Xiardy: posts small blind €0.05
rios20: posts big blind €0.10
*** HOLE CARDS ***
Dealt to pipinoelbreve9 [5s Kd]
allinfinity: folds 
pipinoelbreve9: folds 
Angelfs7: folds 
PoyaLocaa: folds 
Xiardy: raises €0.15 to €0.25
rios20: folds 
Uncalled bet (€0.15) returned to Xiardy
Xiardy collected €0.20 from pot
Xiardy: doesn't show hand 
*** SUMMARY ***
Total pot €0.20 | Rake €0 
Seat 1: PoyaLocaa (button) folded before Flop (didn't bet)
Seat 2: Xiardy (small blind) collected (€0.20)
Seat 3: rios20 (big blind) folded before Flop
Seat 4: allinfinity folded before Flop (didn't bet)
Seat 5: pipinoelbreve9 folded before Flop (didn't bet)
Seat 6: Angelfs7 folded before Flop (didn't bet)



PokerStars Zoom Hand #258255632515:  Hold'em No Limit (€0.05/€0.10) - 2025/10/25 13:12:57 CET [2025/10/25 7:12:57 ET]
Table 'Caph' 6-max Seat #1 is the button
Seat 1: pipinoelbreve9 (€13.69 in chips) 
Seat 2: lobopardo161 (€7.80 in chips) 
Seat 3: marinajose110 (€6.82 in chips) 
Seat 4: basukun (€5.10 in chips) 
Seat 5: PoyaLocaa (€18.37 in chips) 
Seat 6: Pablo94sg (€16.22 in chips) 
lobopardo161: posts small blind €0.05
marinajose110: posts big blind €0.10
*** HOLE CARDS ***
Dealt to pipinoelbreve9 [7d 5s]
basukun: folds 
PoyaLocaa: folds 
Pablo94sg: raises €0.10 to €0.20
pipinoelbreve9: folds 
lobopardo161: folds 
marinajose110: calls €0.10
*** FLOP *** [Tc Qh 4h]
marinajose110: checks 
Pablo94sg: bets €0.17
marinajose110: calls €0.17
*** TURN *** [Tc Qh 4h] [Kh]
marinajose110: checks 
Pablo94sg: bets €0.56
marinajose110: folds 
Uncalled bet (€0.56) returned to Pablo94sg
Pablo94sg collected €0.75 from pot
Pablo94sg: doesn't show hand 
*** SUMMARY ***
Total pot €0.79 | Rake €0.04 
Board [Tc Qh 4h Kh]
Seat 1: pipinoelbreve9 (button) folded before Flop (didn't bet)
Seat 2: lobopardo161 (small blind) folded before Flop
Seat 3: marinajose110 (big blind) folded on the Turn
Seat 4: basukun folded before Flop (didn't bet)
Seat 5: PoyaLocaa folded before Flop (didn't bet)
Seat 6: Pablo94sg collected (€0.75)



PokerStars Zoom Hand #258255633190:  Hold'em No Limit (€0.05/€0.10) - 2025/10/25 13:13:03 CET [2025/10/25 7:13:03 ET]
Table 'Caph' 6-max Seat #1 is the button
Seat 1: basukun (€7.40 in chips) 
Seat 2: DiferentUser (€10.90 in chips) 
Seat 3: Have2LeaveSpace (€10 in chips) 
Seat 4: PoyaLocaa (€10.15 in chips) 
Seat 5: rios20 (€6.42 in chips) 
Seat 6: pipinoelbreve9 (€13.69 in chips) 
DiferentUser: posts small blind €0.05
Have2LeaveSpace: posts big blind €0.10
*** HOLE CARDS ***
Dealt to pipinoelbreve9 [Qd 4s]
PoyaLocaa: folds 
rios20: folds 
pipinoelbreve9: folds 
basukun: raises €0.20 to €0.30
DiferentUser: raises €0.70 to €1
Have2LeaveSpace: folds 
basukun: calls €0.70
*** FLOP *** [4c Jc 9c]
DiferentUser: checks 
basukun: checks 
*** TURN *** [4c Jc 9c] [6d]
DiferentUser: checks 
basukun: checks 
*** RIVER *** [4c Jc 9c 6d] [Th]
DiferentUser: checks 
basukun: checks 
*** SHOW DOWN ***
DiferentUser: shows [9d Ad] (a pair of Nines)
basukun: mucks hand 
DiferentUser collected €2 from pot
*** SUMMARY ***
Total pot €2.10 | Rake €0.10 
Board [4c Jc 9c 6d Th]
Seat 1: basukun (button) mucked [8s Ks]
Seat 2: DiferentUser (small blind) showed [9d Ad] and won (€2) with a pair of Nines
Seat 3: Have2LeaveSpace (big blind) folded before Flop
Seat 4: PoyaLocaa folded before Flop (didn't bet)
Seat 5: rios20 folded before Flop (didn't bet)
Seat 6: pipinoelbreve9 folded before Flop (didn't bet)



PokerStars Zoom Hand #258255634302:  Hold'em No Limit (€0.05/€0.10) - 2025/10/25 13:13:14 CET [2025/10/25 7:13:14 ET]
Table 'Caph' 6-max Seat #1 is the button
Seat 1: DiferentUser (€12.84 in chips) 
Seat 2: NAlexandru22 (€8.55 in chips) 
Seat 3: eldiabloyanosky (€10 in chips) 
Seat 4: pipinoelbreve9 (€13.69 in chips) 
Seat 5: Xiardy (€12.88 in chips) 
Seat 6: PoyaLocaa (€10.15 in chips) 
NAlexandru22: posts small blind €0.05
eldiabloyanosky: posts big blind €0.10
*** HOLE CARDS ***
Dealt to pipinoelbreve9 [Kc Jh]
pipinoelbreve9: raises €0.15 to €0.25
Xiardy: folds 
PoyaLocaa: folds 
DiferentUser: calls €0.25
NAlexandru22: folds 
eldiabloyanosky: folds 
*** FLOP *** [Ad Td Jd]
pipinoelbreve9: checks 
DiferentUser: checks 
*** TURN *** [Ad Td Jd] [8c]
pipinoelbreve9: checks 
DiferentUser: bets €0.31
pipinoelbreve9: calls €0.31
*** RIVER *** [Ad Td Jd 8c] [5h]
pipinoelbreve9: checks 
DiferentUser: checks 
*** SHOW DOWN ***
pipinoelbreve9: shows [Kc Jh] (a pair of Jacks)
DiferentUser: shows [4h Ah] (a pair of Aces)
DiferentUser collected €1.21 from pot
*** SUMMARY ***
Total pot €1.27 | Rake €0.06 
Board [Ad Td Jd 8c 5h]
Seat 1: DiferentUser (button) showed [4h Ah] and won (€1.21) with a pair of Aces
Seat 2: NAlexandru22 (small blind) folded before Flop
Seat 3: eldiabloyanosky (big blind) folded before Flop
Seat 4: pipinoelbreve9 showed [Kc Jh] and lost with a pair of Jacks
Seat 5: Xiardy folded before Flop (didn't bet)
Seat 6: PoyaLocaa folded before Flop (didn't bet)



PokerStars Zoom Hand #258255639807:  Hold'em No Limit (€0.05/€0.10) - 2025/10/25 13:14:05 CET [2025/10/25 7:14:05 ET]
Table 'Caph' 6-max Seat #1 is the button
Seat 1: Garcilaso AA (€11.41 in chips) 
Seat 2: basukun (€6.30 in chips) 
Seat 3: pipinoelbreve9 (€13.08 in chips) 
Seat 4: Xiardy (€10.10 in chips) 
Seat 5: marinajose110 (€5.05 in chips) 
Seat 6: Dariobasta (€34.27 in chips) 
basukun: posts small blind €0.05
pipinoelbreve9: posts big blind €0.10
*** HOLE CARDS ***
Dealt to pipinoelbreve9 [Td Ks]
Xiardy: folds 
marinajose110: folds 
Dariobasta: raises €0.10 to €0.20
Garcilaso AA: folds 
basukun: folds 
pipinoelbreve9: calls €0.10
*** FLOP *** [4h 8d 9d]
pipinoelbreve9: checks 
Dariobasta: checks 
*** TURN *** [4h 8d 9d] [Ah]
pipinoelbreve9: checks 
Dariobasta: checks 
*** RIVER *** [4h 8d 9d Ah] [Qd]
pipinoelbreve9: checks 
Dariobasta: checks 
*** SHOW DOWN ***
pipinoelbreve9: shows [Td Ks] (high card Ace)
Dariobasta: shows [2d 2s] (a pair of Deuces)
Dariobasta collected €0.43 from pot
*** SUMMARY ***
Total pot €0.45 | Rake €0.02 
Board [4h 8d 9d Ah Qd]
Seat 1: Garcilaso AA (button) folded before Flop (didn't bet)
Seat 2: basukun (small blind) folded before Flop
Seat 3: pipinoelbreve9 (big blind) showed [Td Ks] and lost with high card Ace
Seat 4: Xiardy folded before Flop (didn't bet)
Seat 5: marinajose110 folded before Flop (didn't bet)
Seat 6: Dariobasta showed [2d 2s] and won (€0.43) with a pair of Deuces



PokerStars Zoom Hand #258255639224:  Hold'em No Limit (€0.05/€0.10) - 2025/10/25 13:13:59 CET [2025/10/25 7:13:59 ET]
Table 'Caph' 6-max Seat #1 is the button
Seat 1: Xiardy (€10.10 in chips) 
Seat 2: pipinoelbreve9 (€13.13 in chips) 
Seat 3: DiferentUser (€13.49 in chips) 
Seat 4: tournesol73 (€2.40 in chips) 
Seat 5: Pablo94sg (€15.67 in chips) 
Seat 6: Garcilaso AA (€11.41 in chips) 
pipinoelbreve9: posts small blind €0.05
DiferentUser: posts big blind €0.10
*** HOLE CARDS ***
Dealt to pipinoelbreve9 [3h 8h]
tournesol73: calls €0.10
Pablo94sg: folds 
Garcilaso AA: folds 
Xiardy: folds 
pipinoelbreve9: folds 
DiferentUser: checks 
*** FLOP *** [9h 3d 7c]
DiferentUser: checks 
tournesol73: checks 
*** TURN *** [9h 3d 7c] [3c]
DiferentUser: checks 
tournesol73: bets €0.10
DiferentUser: folds 
Uncalled bet (€0.10) returned to tournesol73
tournesol73 collected €0.24 from pot
tournesol73: doesn't show hand 
*** SUMMARY ***
Total pot €0.25 | Rake €0.01 
Board [9h 3d 7c 3c]
Seat 1: Xiardy (button) folded before Flop (didn't bet)
Seat 2: pipinoelbreve9 (small blind) folded before Flop
Seat 3: DiferentUser (big blind) folded on the Turn
Seat 4: tournesol73 collected (€0.24)
Seat 5: Pablo94sg folded before Flop (didn't bet)
Seat 6: Garcilaso AA folded before Flop (didn't bet)



PokerStars Zoom Hand #258255642575:  Hold'em No Limit (€0.05/€0.10) - 2025/10/25 13:14:31 CET [2025/10/25 7:14:31 ET]
Table 'Caph' 6-max Seat #1 is the button
Seat 1: Xiardy (€12.88 in chips) 
Seat 2: lobopardo161 (€7.04 in chips) 
Seat 3: morganlee66 (€5.48 in chips) 
Seat 4: Dr.Quesada73 (€12.92 in chips) 
Seat 5: pipinoelbreve9 (€12.88 in chips) 
Seat 6: basukun (€7.38 in chips) 
lobopardo161: posts small blind €0.05
morganlee66: posts big blind €0.10
*** HOLE CARDS ***
Dealt to pipinoelbreve9 [5s 6h]
Dr.Quesada73: raises €0.15 to €0.25
pipinoelbreve9: folds 
basukun: folds 
Xiardy: folds 
lobopardo161: folds 
morganlee66: folds 
Uncalled bet (€0.15) returned to Dr.Quesada73
Dr.Quesada73 collected €0.25 from pot
Dr.Quesada73: doesn't show hand 
*** SUMMARY ***
Total pot €0.25 | Rake €0 
Seat 1: Xiardy (button) folded before Flop (didn't bet)
Seat 2: lobopardo161 (small blind) folded before Flop
Seat 3: morganlee66 (big blind) folded before Flop
Seat 4: Dr.Quesada73 collected (€0.25)
Seat 5: pipinoelbreve9 folded before Flop (didn't bet)
Seat 6: basukun folded before Flop (didn't bet)



PokerStars Zoom Hand #258255643081:  Hold'em No Limit (€0.05/€0.10) - 2025/10/25 13:14:36 CET [2025/10/25 7:14:36 ET]
Table 'Caph' 6-max Seat #1 is the button
Seat 1: basukun (€7.38 in chips) 
Seat 2: rios20 (€6.32 in chips) 
Seat 3: Xiardy (€11.22 in chips) 
Seat 4: pipinoelbreve9 (€12.88 in chips) 
Seat 5: DiferentUser (€11.80 in chips) 
Seat 6: lobopardo161 (€6.99 in chips) 
rios20: posts small blind €0.05
Xiardy: posts big blind €0.10
*** HOLE CARDS ***
Dealt to pipinoelbreve9 [5h 4d]
pipinoelbreve9: folds 
DiferentUser: folds 
lobopardo161: folds 
basukun: folds 
rios20: raises €0.10 to €0.20
Xiardy: folds 
Uncalled bet (€0.10) returned to rios20
rios20 collected €0.20 from pot
rios20: doesn't show hand 
*** SUMMARY ***
Total pot €0.20 | Rake €0 
Seat 1: basukun (button) folded before Flop (didn't bet)
Seat 2: rios20 (small blind) collected (€0.20)
Seat 3: Xiardy (big blind) folded before Flop
Seat 4: pipinoelbreve9 folded before Flop (didn't bet)
Seat 5: DiferentUser folded before Flop (didn't bet)
Seat 6: lobopardo161 folded before Flop (didn't bet)



PokerStars Zoom Hand #258255643980:  Hold'em No Limit (€0.05/€0.10) - 2025/10/25 13:14:44 CET [2025/10/25 7:14:44 ET]
Table 'Caph' 6-max Seat #1 is the button
Seat 1: gregoss054 (€16.90 in chips) 
Seat 2: Depailler (€10.08 in chips) 
Seat 3: eldiabloyanosky (€9.78 in chips) 
Seat 4: pipinoelbreve9 (€12.88 in chips) 
Seat 5: Dr.Quesada73 (€13.07 in chips) 
Seat 6: Xiardy (€10.10 in chips) 
Depailler: posts small blind €0.05
eldiabloyanosky: posts big blind €0.10
*** HOLE CARDS ***
Dealt to pipinoelbreve9 [Kh 4d]
pipinoelbreve9: folds 
Dr.Quesada73: folds 
Xiardy: folds 
gregoss054: folds 
Depailler: folds 
Uncalled bet (€0.05) returned to eldiabloyanosky
eldiabloyanosky collected €0.10 from pot
eldiabloyanosky: doesn't show hand 
*** SUMMARY ***
Total pot €0.10 | Rake €0 
Seat 1: gregoss054 (button) folded before Flop (didn't bet)
Seat 2: Depailler (small blind) folded before Flop
Seat 3: eldiabloyanosky (big blind) collected (€0.10)
Seat 4: pipinoelbreve9 folded before Flop (didn't bet)
Seat 5: Dr.Quesada73 folded before Flop (didn't bet)
Seat 6: Xiardy folded before Flop (didn't bet)



PokerStars Zoom Hand #258255643616:  Hold'em No Limit (€0.05/€0.10) - 2025/10/25 13:14:41 CET [2025/10/25 7:14:41 ET]
Table 'Caph' 6-max Seat #1 is the button
Seat 1: pipinoelbreve9 (€12.88 in chips) 
Seat 2: Have2LeaveSpace (€10 in chips) 
Seat 3: Dariobasta (€34.45 in chips) 
Seat 4: eldiabloyanosky (€9.78 in chips) 
Seat 5: basukun (€7.38 in chips) 
Seat 6: gregoss054 (€16.90 in chips) 
Have2LeaveSpace: posts small blind €0.05
Dariobasta: posts big blind €0.10
*** HOLE CARDS ***
Dealt to pipinoelbreve9 [Qh 6s]
eldiabloyanosky: folds 
basukun: folds 
gregoss054: folds 
pipinoelbreve9: folds 
Have2LeaveSpace: raises €0.20 to €0.30
Dariobasta: folds 
Uncalled bet (€0.20) returned to Have2LeaveSpace
Have2LeaveSpace collected €0.20 from pot
Have2LeaveSpace: doesn't show hand 
*** SUMMARY ***
Total pot €0.20 | Rake €0 
Seat 1: pipinoelbreve9 (button) folded before Flop (didn't bet)
Seat 2: Have2LeaveSpace (small blind) collected (€0.20)
Seat 3: Dariobasta (big blind) folded before Flop
Seat 4: eldiabloyanosky folded before Flop (didn't bet)
Seat 5: basukun folded before Flop (didn't bet)
Seat 6: gregoss054 folded before Flop (didn't bet)



PokerStars Zoom Hand #258255646547:  Hold'em No Limit (€0.05/€0.10) - 2025/10/25 13:15:09 CET [2025/10/25 7:15:09 ET]
Table 'Caph' 6-max Seat #1 is the button
Seat 1: eldiabloyanosky (€9.78 in chips) 
Seat 2: Xiardy (€12.53 in chips) 
Seat 3: pipinoelbreve9 (€12.83 in chips) 
Seat 4: basukun (€7.23 in chips) 
Seat 5: ZELIUG (€20.35 in chips) 
Seat 6: DiferentUser (€10.58 in chips) 
Xiardy: posts small blind €0.05
pipinoelbreve9: posts big blind €0.10
*** HOLE CARDS ***
Dealt to pipinoelbreve9 [Ks Kd]
basukun: folds 
ZELIUG: folds 
DiferentUser: folds 
eldiabloyanosky: raises €0.10 to €0.20
Xiardy: folds 
pipinoelbreve9: raises €0.80 to €1
eldiabloyanosky: folds 
Uncalled bet (€0.80) returned to pipinoelbreve9
pipinoelbreve9 collected €0.45 from pot
pipinoelbreve9: doesn't show hand 
*** SUMMARY ***
Total pot €0.45 | Rake €0 
Seat 1: eldiabloyanosky (button) folded before Flop
Seat 2: Xiardy (small blind) folded before Flop
Seat 3: pipinoelbreve9 (big blind) collected (€0.45)
Seat 4: basukun folded before Flop (didn't bet)
Seat 5: ZELIUG folded before Flop (didn't bet)
Seat 6: DiferentUser folded before Flop (didn't bet)



PokerStars Zoom Hand #258255644573:  Hold'em No Limit (€0.05/€0.10) - 2025/10/25 13:14:50 CET [2025/10/25 7:14:50 ET]
Table 'Caph' 6-max Seat #1 is the button
Seat 1: leobcn9 (€10 in chips) 
Seat 2: pipinoelbreve9 (€12.88 in chips) 
Seat 3: Dr.Quesada73 (€13.07 in chips) 
Seat 4: PoyaLocaa (€10.02 in chips) 
Seat 5: rios20 (€6.42 in chips) 
Seat 6: Xiardy (€18.55 in chips) 
pipinoelbreve9: posts small blind €0.05
Dr.Quesada73: posts big blind €0.10
*** HOLE CARDS ***
Dealt to pipinoelbreve9 [4c 3c]
PoyaLocaa: folds 
rios20: folds 
Xiardy: raises €0.15 to €0.25
leobcn9: folds 
pipinoelbreve9: folds 
Dr.Quesada73: calls €0.15
*** FLOP *** [Tc Ad Ts]
Dr.Quesada73: checks 
Xiardy: bets €0.25
Dr.Quesada73: calls €0.25
*** TURN *** [Tc Ad Ts] [4s]
Dr.Quesada73: checks 
Xiardy: bets €0.65
Dr.Quesada73: calls €0.65
*** RIVER *** [Tc Ad Ts 4s] [Ac]
Dr.Quesada73: checks 
Xiardy: bets €2
Dr.Quesada73: calls €2
*** SHOW DOWN ***
Xiardy: shows [5s As] (a full house, Aces full of Tens)
Dr.Quesada73: mucks hand 
Xiardy collected €6.03 from pot
*** SUMMARY ***
Total pot €6.35 | Rake €0.32 
Board [Tc Ad Ts 4s Ac]
Seat 1: leobcn9 (button) folded before Flop (didn't bet)
Seat 2: pipinoelbreve9 (small blind) folded before Flop
Seat 3: Dr.Quesada73 (big blind) mucked [Kd Qc]
Seat 4: PoyaLocaa folded before Flop (didn't bet)
Seat 5: rios20 folded before Flop (didn't bet)
Seat 6: Xiardy showed [5s As] and won (€6.03) with a full house, Aces full of Tens



PokerStars Zoom Hand #258255650163:  Hold'em No Limit (€0.05/€0.10) - 2025/10/25 13:15:43 CET [2025/10/25 7:15:43 ET]
Table 'Caph' 6-max Seat #1 is the button
Seat 1: Miguelx1978 (€3.34 in chips) 
Seat 2: Angelfs7 (€19.54 in chips) 
Seat 3: blhek (€11.71 in chips) 
Seat 4: pipinoelbreve9 (€13.08 in chips) 
Seat 5: eldiabloyanosky (€9.58 in chips) 
Seat 6: toze78PT (€13.30 in chips) 
Angelfs7: posts small blind €0.05
blhek: posts big blind €0.10
*** HOLE CARDS ***
Dealt to pipinoelbreve9 [Ks Js]
pipinoelbreve9: raises €0.15 to €0.25
eldiabloyanosky: folds 
toze78PT: folds 
Miguelx1978: folds 
Angelfs7: folds 
blhek: folds 
Uncalled bet (€0.15) returned to pipinoelbreve9
pipinoelbreve9 collected €0.25 from pot
pipinoelbreve9: doesn't show hand 
*** SUMMARY ***
Total pot €0.25 | Rake €0 
Seat 1: Miguelx1978 (button) folded before Flop (didn't bet)
Seat 2: Angelfs7 (small blind) folded before Flop
Seat 3: blhek (big blind) folded before Flop
Seat 4: pipinoelbreve9 collected (€0.25)
Seat 5: eldiabloyanosky folded before Flop (didn't bet)
Seat 6: toze78PT folded before Flop (didn't bet)



PokerStars Zoom Hand #258255649521:  Hold'em No Limit (€0.05/€0.10) - 2025/10/25 13:15:37 CET [2025/10/25 7:15:37 ET]
Table 'Caph' 6-max Seat #1 is the button
Seat 1: Xiardy (€12.63 in chips) 
Seat 2: DiferentUser (€10.58 in chips) 
Seat 3: leobcn9 (€10 in chips) 
Seat 4: Have2LeaveSpace (€10.25 in chips) 
Seat 5: blhek (€11.71 in chips) 
Seat 6: pipinoelbreve9 (€13.08 in chips) 
DiferentUser: posts small blind €0.05
leobcn9: posts big blind €0.10
*** HOLE CARDS ***
Dealt to pipinoelbreve9 [Ts 8s]
Have2LeaveSpace: folds 
blhek: folds 
pipinoelbreve9: folds 
Xiardy: raises €0.15 to €0.25
DiferentUser: raises €0.75 to €1
leobcn9: calls €0.90
Xiardy: folds 
*** FLOP *** [3s 7d Td]
DiferentUser: checks 
leobcn9: checks 
*** TURN *** [3s 7d Td] [6s]
DiferentUser: checks 
leobcn9: bets €1.07
DiferentUser: folds 
Uncalled bet (€1.07) returned to leobcn9
leobcn9 collected €2.14 from pot
leobcn9: doesn't show hand 
*** SUMMARY ***
Total pot €2.25 | Rake €0.11 
Board [3s 7d Td 6s]
Seat 1: Xiardy (button) folded before Flop
Seat 2: DiferentUser (small blind) folded on the Turn
Seat 3: leobcn9 (big blind) collected (€2.14)
Seat 4: Have2LeaveSpace folded before Flop (didn't bet)
Seat 5: blhek folded before Flop (didn't bet)
Seat 6: pipinoelbreve9 folded before Flop (didn't bet)



PokerStars Zoom Hand #258255653058:  Hold'em No Limit (€0.05/€0.10) - 2025/10/25 13:16:11 CET [2025/10/25 7:16:11 ET]
Table 'Caph' 6-max Seat #1 is the button
Seat 1: asanchezbcn (€20.62 in chips) 
Seat 2: Xiardy (€21.33 in chips) 
Seat 3: pipinoelbreve9 (€13.23 in chips) 
Seat 4: gregoss054 (€15.48 in chips) 
Seat 5: PoyaLocaa (€21.97 in chips) 
Seat 6: ZELIUG (€16.90 in chips) 
Xiardy: posts small blind €0.05
pipinoelbreve9: posts big blind €0.10
*** HOLE CARDS ***
Dealt to pipinoelbreve9 [5h 6h]
gregoss054: folds 
PoyaLocaa: raises €0.15 to €0.25
ZELIUG: folds 
asanchezbcn: folds 
Xiardy: folds 
pipinoelbreve9: calls €0.15
*** FLOP *** [7c 5d 6d]
pipinoelbreve9: checks 
PoyaLocaa: checks 
*** TURN *** [7c 5d 6d] [4s]
pipinoelbreve9: bets €0.26
PoyaLocaa: folds 
Uncalled bet (€0.26) returned to pipinoelbreve9
pipinoelbreve9 collected €0.52 from pot
pipinoelbreve9: doesn't show hand 
*** SUMMARY ***
Total pot €0.55 | Rake €0.03 
Board [7c 5d 6d 4s]
Seat 1: asanchezbcn (button) folded before Flop (didn't bet)
Seat 2: Xiardy (small blind) folded before Flop
Seat 3: pipinoelbreve9 (big blind) collected (€0.52)
Seat 4: gregoss054 folded before Flop (didn't bet)
Seat 5: PoyaLocaa folded on the Turn
Seat 6: ZELIUG folded before Flop (didn't bet)



PokerStars Zoom Hand #258255651540:  Hold'em No Limit (€0.05/€0.10) - 2025/10/25 13:15:56 CET [2025/10/25 7:15:56 ET]
Table 'Caph' 6-max Seat #1 is the button
Seat 1: toze78PT (€13.30 in chips) 
Seat 2: SuperPiña2 (€16.64 in chips) 
Seat 3: basukun (€6.88 in chips) 
Seat 4: blhek (€11.56 in chips) 
Seat 5: pipinoelbreve9 (€13.23 in chips) 
Seat 6: Dariobasta (€34.04 in chips) 
SuperPiña2: posts small blind €0.05
basukun: posts big blind €0.10
*** HOLE CARDS ***
Dealt to pipinoelbreve9 [Jc 7c]
blhek: raises €0.20 to €0.30
pipinoelbreve9: folds 
Dariobasta: folds 
toze78PT: folds 
SuperPiña2: raises €0.90 to €1.20
basukun: calls €1.10
blhek: calls €0.90
*** FLOP *** [2c 9h 7s]
SuperPiña2: checks 
basukun: checks 
blhek: checks 
*** TURN *** [2c 9h 7s] [9s]
SuperPiña2: checks 
basukun: checks 
blhek: checks 
*** RIVER *** [2c 9h 7s 9s] [Qc]
SuperPiña2: checks 
basukun: checks 
blhek: checks 
*** SHOW DOWN ***
SuperPiña2: shows [As Kc] (a pair of Nines)
basukun: shows [6s 2s] (two pair, Nines and Deuces)
blhek: mucks hand 
basukun collected €3.42 from pot
*** SUMMARY ***
Total pot €3.60 | Rake €0.18 
Board [2c 9h 7s 9s Qc]
Seat 1: toze78PT (button) folded before Flop (didn't bet)
Seat 2: SuperPiña2 (small blind) showed [As Kc] and lost with a pair of Nines
Seat 3: basukun (big blind) showed [6s 2s] and won (€3.42) with two pair, Nines and Deuces
Seat 4: blhek mucked [Jh Th]
Seat 5: pipinoelbreve9 folded before Flop (didn't bet)
Seat 6: Dariobasta folded before Flop (didn't bet)



PokerStars Zoom Hand #258255652074:  Hold'em No Limit (€0.05/€0.10) - 2025/10/25 13:16:02 CET [2025/10/25 7:16:02 ET]
Table 'Caph' 6-max Seat #1 is the button
Seat 1: Garcilaso AA (€11.58 in chips) 
Seat 2: morganlee66 (€4.33 in chips) 
Seat 3: ZELIUG (€20.35 in chips) 
Seat 4: pipinoelbreve9 (€13.23 in chips) 
Seat 5: Xiardy (€21.33 in chips) 
Seat 6: GwendRui (€4.66 in chips) 
morganlee66: posts small blind €0.05
ZELIUG: posts big blind €0.10
*** HOLE CARDS ***
Dealt to pipinoelbreve9 [6h 5c]
pipinoelbreve9: folds 
Xiardy: folds 
GwendRui is disconnected 
GwendRui has timed out while disconnected
GwendRui: folds 
Garcilaso AA: folds 
morganlee66: raises €0.15 to €0.25
ZELIUG: calls €0.15
*** FLOP *** [7c Qs Qh]
morganlee66: bets €0.16
ZELIUG: folds 
Uncalled bet (€0.16) returned to morganlee66
morganlee66 collected €0.48 from pot
morganlee66: doesn't show hand 
*** SUMMARY ***
Total pot €0.50 | Rake €0.02 
Board [7c Qs Qh]
Seat 1: Garcilaso AA (button) folded before Flop (didn't bet)
Seat 2: morganlee66 (small blind) collected (€0.48)
Seat 3: ZELIUG (big blind) folded on the Flop
Seat 4: pipinoelbreve9 folded before Flop (didn't bet)
Seat 5: Xiardy folded before Flop (didn't bet)
Seat 6: GwendRui folded before Flop (didn't bet)



PokerStars Zoom Hand #258255656389:  Hold'em No Limit (€0.05/€0.10) - 2025/10/25 13:16:42 CET [2025/10/25 7:16:42 ET]
Table 'Caph' 6-max Seat #1 is the button
Seat 1: blhek (€10.36 in chips) 
Seat 2: pipinoelbreve9 (€13.50 in chips) 
Seat 3: SuperPiña2 (€15.44 in chips) 
Seat 4: Xiardy (€21.28 in chips) 
Seat 5: basukun (€9.10 in chips) 
Seat 6: PoyaLocaa (€11.37 in chips) 
pipinoelbreve9: posts small blind €0.05
SuperPiña2: posts big blind €0.10
*** HOLE CARDS ***
Dealt to pipinoelbreve9 [6s As]
Xiardy: folds 
basukun: raises €0.10 to €0.20
PoyaLocaa: folds 
blhek: folds 
pipinoelbreve9: calls €0.15
SuperPiña2: folds 
*** FLOP *** [2c 8c Kc]
pipinoelbreve9: checks 
basukun: checks 
*** TURN *** [2c 8c Kc] [Ad]
pipinoelbreve9: checks 
basukun: checks 
*** RIVER *** [2c 8c Kc Ad] [Kh]
pipinoelbreve9: checks 
basukun: checks 
*** SHOW DOWN ***
pipinoelbreve9: shows [6s As] (two pair, Aces and Kings)
basukun: mucks hand 
pipinoelbreve9 collected €0.48 from pot
*** SUMMARY ***
Total pot €0.50 | Rake €0.02 
Board [2c 8c Kc Ad Kh]
Seat 1: blhek (button) folded before Flop (didn't bet)
Seat 2: pipinoelbreve9 (small blind) showed [6s As] and won (€0.48) with two pair, Aces and Kings
Seat 3: SuperPiña2 (big blind) folded before Flop
Seat 4: Xiardy folded before Flop (didn't bet)
Seat 5: basukun mucked [9s 7s]
Seat 6: PoyaLocaa folded before Flop (didn't bet)



PokerStars Zoom Hand #258255660091:  Hold'em No Limit (€0.05/€0.10) - 2025/10/25 13:17:17 CET [2025/10/25 7:17:17 ET]
Table 'Caph' 6-max Seat #1 is the button
Seat 1: Miguelx1978 (€2.04 in chips) 
Seat 2: rios20 (€3.86 in chips) 
Seat 3: SuperPiña2 (€15.34 in chips) 
Seat 4: DiferentUser (€11.67 in chips) 
Seat 5: Dariobasta (€33.45 in chips) 
Seat 6: pipinoelbreve9 (€13.78 in chips) 
rios20: posts small blind €0.05
SuperPiña2: posts big blind €0.10
*** HOLE CARDS ***
Dealt to pipinoelbreve9 [4h Qd]
DiferentUser: folds 
Dariobasta: folds 
pipinoelbreve9: folds 
Miguelx1978: folds 
rios20: folds 
Uncalled bet (€0.05) returned to SuperPiña2
SuperPiña2 collected €0.10 from pot
SuperPiña2: doesn't show hand 
*** SUMMARY ***
Total pot €0.10 | Rake €0 
Seat 1: Miguelx1978 (button) folded before Flop (didn't bet)
Seat 2: rios20 (small blind) folded before Flop
Seat 3: SuperPiña2 (big blind) collected (€0.10)
Seat 4: DiferentUser folded before Flop (didn't bet)
Seat 5: Dariobasta folded before Flop (didn't bet)
Seat 6: pipinoelbreve9 folded before Flop (didn't bet)



PokerStars Zoom Hand #258255660766:  Hold'em No Limit (€0.05/€0.10) - 2025/10/25 13:17:24 CET [2025/10/25 7:17:24 ET]
Table 'Caph' 6-max Seat #1 is the button
Seat 1: basukun (€8.90 in chips) 
Seat 2: ZELIUG (€20.10 in chips) 
Seat 3: PoyaLocaa (€10 in chips) 
Seat 4: DiferentUser (€11.67 in chips) 
Seat 5: aaboga (€13.33 in chips) 
Seat 6: pipinoelbreve9 (€13.78 in chips) 
ZELIUG: posts small blind €0.05
PoyaLocaa: posts big blind €0.10
*** HOLE CARDS ***
Dealt to pipinoelbreve9 [7d 3d]
DiferentUser: raises €0.20 to €0.30
aaboga: folds 
pipinoelbreve9: folds 
basukun: folds 
ZELIUG: folds 
PoyaLocaa: folds 
Uncalled bet (€0.20) returned to DiferentUser
DiferentUser collected €0.25 from pot
DiferentUser: doesn't show hand 
*** SUMMARY ***
Total pot €0.25 | Rake €0 
Seat 1: basukun (button) folded before Flop (didn't bet)
Seat 2: ZELIUG (small blind) folded before Flop
Seat 3: PoyaLocaa (big blind) folded before Flop
Seat 4: DiferentUser collected (€0.25)
Seat 5: aaboga folded before Flop (didn't bet)
Seat 6: pipinoelbreve9 folded before Flop (didn't bet)



PokerStars Zoom Hand #258255661526:  Hold'em No Limit (€0.05/€0.10) - 2025/10/25 13:17:31 CET [2025/10/25 7:17:31 ET]
Table 'Caph' 6-max Seat #1 is the button
Seat 1: pipinoelbreve9 (€13.78 in chips) 
Seat 2: PoyaLocaa (€11.42 in chips) 
Seat 3: Miguelx1978 (€2.04 in chips) 
Seat 4: Pablo94sg (€16.57 in chips) 
Seat 5: aaboga (€13.33 in chips) 
Seat 6: rios20 (€3.81 in chips) 
PoyaLocaa: posts small blind €0.05
Miguelx1978: posts big blind €0.10
*** HOLE CARDS ***
Dealt to pipinoelbreve9 [As 9h]
Pablo94sg: folds 
aaboga: raises €0.25 to €0.35
rios20: folds 
pipinoelbreve9: folds 
PoyaLocaa: folds 
Miguelx1978: folds 
Uncalled bet (€0.25) returned to aaboga
aaboga collected €0.25 from pot
aaboga: doesn't show hand 
*** SUMMARY ***
Total pot €0.25 | Rake €0 
Seat 1: pipinoelbreve9 (button) folded before Flop (didn't bet)
Seat 2: PoyaLocaa (small blind) folded before Flop
Seat 3: Miguelx1978 (big blind) folded before Flop
Seat 4: Pablo94sg folded before Flop (didn't bet)
Seat 5: aaboga collected (€0.25)
Seat 6: rios20 folded before Flop (didn't bet)



PokerStars Zoom Hand #258255659574:  Hold'em No Limit (€0.05/€0.10) - 2025/10/25 13:17:13 CET [2025/10/25 7:17:13 ET]
Table 'Caph' 6-max Seat #1 is the button
Seat 1: pipinoelbreve9 (€13.78 in chips) 
Seat 2: gregoss054 (€15.18 in chips) 
Seat 3: manelcaires (€8.19 in chips) 
Seat 4: rios20 (€3.86 in chips) 
Seat 5: ZELIUG (€20.10 in chips) 
Seat 6: NAlexandru22 (€17.89 in chips) 
gregoss054: posts small blind €0.05
manelcaires: posts big blind €0.10
*** HOLE CARDS ***
Dealt to pipinoelbreve9 [4s 6s]
rios20: folds 
ZELIUG: folds 
NAlexandru22: raises €0.15 to €0.25
pipinoelbreve9: folds 
gregoss054: calls €0.20
manelcaires: calls €0.15
*** FLOP *** [Jh Ac 3h]
gregoss054: checks 
manelcaires: bets €0.23
NAlexandru22: raises €0.64 to €0.87
gregoss054: folds 
manelcaires: calls €0.64
*** TURN *** [Jh Ac 3h] [6c]
manelcaires: checks 
NAlexandru22: checks 
*** RIVER *** [Jh Ac 3h 6c] [8c]
manelcaires: bets €7.07 and is all-in
NAlexandru22: folds 
Uncalled bet (€7.07) returned to manelcaires
manelcaires collected €2.37 from pot
manelcaires: doesn't show hand 
*** SUMMARY ***
Total pot €2.49 | Rake €0.12 
Board [Jh Ac 3h 6c 8c]
Seat 1: pipinoelbreve9 (button) folded before Flop (didn't bet)
Seat 2: gregoss054 (small blind) folded on the Flop
Seat 3: manelcaires (big blind) collected (€2.37)
Seat 4: rios20 folded before Flop (didn't bet)
Seat 5: ZELIUG folded before Flop (didn't bet)
Seat 6: NAlexandru22 folded on the River



