PokerStars Zoom Hand #258305540837:  Hold'em No Limit (€0.05/€0.10) - 2025/10/29 11:19:53 CET [2025/10/29 6:19:53 ET]
Table 'Caph' 6-max Seat #1 is the button
Seat 1: ArchiBolding (€13.27 in chips) 
Seat 2: lagasalahaga (€10.15 in chips) 
Seat 3: pipinoelbreve9 (€10 in chips) 
Seat 4: fAAQQndo17 (€14.07 in chips) 
Seat 5: ricrosas (€7.70 in chips) 
Seat 6: chusty24 (€12.45 in chips) 
lagasalahaga: posts small blind €0.05
pipinoelbreve9: posts big blind €0.10
*** HOLE CARDS ***
Dealt to pipinoelbreve9 [7d 3d]
fAAQQndo17: folds 
ricrosas: folds 
chusty24: folds 
ArchiBolding: raises €0.15 to €0.25
lagasalahaga: folds 
pipinoelbreve9: calls €0.15
*** FLOP *** [5h Ah 7h]
pipinoelbreve9: checks 
ArchiBolding: bets €0.17
pipinoelbreve9: calls €0.17
*** TURN *** [5h Ah 7h] [5c]
pipinoelbreve9: checks 
ArchiBolding: bets €0.60
pipinoelbreve9: calls €0.60
*** RIVER *** [5h Ah 7h 5c] [8h]
pipinoelbreve9: checks 
ArchiBolding: bets €1.50
pipinoelbreve9: folds 
Uncalled bet (€1.50) returned to ArchiBolding
ArchiBolding collected €1.99 from pot
ArchiBolding: doesn't show hand 
*** SUMMARY ***
Total pot €2.09 | Rake €0.10 
Board [5h Ah 7h 5c 8h]
Seat 1: ArchiBolding (button) collected (€1.99)
Seat 2: lagasalahaga (small blind) folded before Flop
Seat 3: pipinoelbreve9 (big blind) folded on the River
Seat 4: fAAQQndo17 folded before Flop (didn't bet)
Seat 5: ricrosas folded before Flop (didn't bet)
Seat 6: chusty24 folded before Flop (didn't bet)



PokerStars Zoom Hand #258305547227:  Hold'em No Limit (€0.05/€0.10) - 2025/10/29 11:21:09 CET [2025/10/29 6:21:09 ET]
Table 'Caph' 6-max Seat #1 is the button
Seat 1: smrj1976 (€14.09 in chips) 
Seat 2: pipinoelbreve9 (€10 in chips) 
Seat 3: Spimajo (€14.14 in chips) 
Seat 4: EviL_FeeL (€6.18 in chips) 
Seat 5: basukun (€21.49 in chips) 
Seat 6: pepeelpelao (€11.68 in chips) 
pipinoelbreve9: posts small blind €0.05
Spimajo: posts big blind €0.10
*** HOLE CARDS ***
Dealt to pipinoelbreve9 [Ac 8d]
EviL_FeeL: folds 
basukun: raises €0.20 to €0.30
pepeelpelao: folds 
smrj1976: folds 
pipinoelbreve9: folds 
Spimajo: folds 
Uncalled bet (€0.20) returned to basukun
basukun collected €0.25 from pot
basukun: doesn't show hand 
*** SUMMARY ***
Total pot €0.25 | Rake €0 
Seat 1: smrj1976 (button) folded before Flop (didn't bet)
Seat 2: pipinoelbreve9 (small blind) folded before Flop
Seat 3: Spimajo (big blind) folded before Flop
Seat 4: EviL_FeeL folded before Flop (didn't bet)
Seat 5: basukun collected (€0.25)
Seat 6: pepeelpelao folded before Flop (didn't bet)



PokerStars Zoom Hand #258305548340:  Hold'em No Limit (€0.05/€0.10) - 2025/10/29 11:21:23 CET [2025/10/29 6:21:23 ET]
Table 'Caph' 6-max Seat #1 is the button
Seat 1: basurdia (€13.17 in chips) 
Seat 2: pokeraxyn (€10.15 in chips) 
Seat 3: jayKOdee (€27.16 in chips) 
Seat 4: gregoss054 (€12.93 in chips) 
Seat 5: pipinoelbreve9 (€10 in chips) 
Seat 6: Garcilaso AA (€24.82 in chips) 
pokeraxyn: posts small blind €0.05
jayKOdee: posts big blind €0.10
*** HOLE CARDS ***
Dealt to pipinoelbreve9 [Kd 5d]
gregoss054: folds 
pipinoelbreve9: folds 
Garcilaso AA: folds 
basurdia: raises €0.20 to €0.30
pokeraxyn: folds 
jayKOdee: folds 
Uncalled bet (€0.20) returned to basurdia
basurdia collected €0.25 from pot
basurdia: doesn't show hand 
*** SUMMARY ***
Total pot €0.25 | Rake €0 
Seat 1: basurdia (button) collected (€0.25)
Seat 2: pokeraxyn (small blind) folded before Flop
Seat 3: jayKOdee (big blind) folded before Flop
Seat 4: gregoss054 folded before Flop (didn't bet)
Seat 5: pipinoelbreve9 folded before Flop (didn't bet)
Seat 6: Garcilaso AA folded before Flop (didn't bet)



PokerStars Zoom Hand #258305546375:  Hold'em No Limit (€0.05/€0.10) - 2025/10/29 11:20:59 CET [2025/10/29 6:20:59 ET]
Table 'Caph' 6-max Seat #1 is the button
Seat 1: pipinoelbreve9 (€10 in chips) 
Seat 2: basurdia (€10.15 in chips) 
Seat 3: lagasalahaga (€10.16 in chips) 
Seat 4: mucholejo (€8.50 in chips) 
Seat 5: leobcn9 (€10.29 in chips) 
Seat 6: Rutoro89 (€16.40 in chips) 
basurdia: posts small blind €0.05
lagasalahaga: posts big blind €0.10
*** HOLE CARDS ***
Dealt to pipinoelbreve9 [Ac 8d]
mucholejo: folds 
leobcn9: raises €0.15 to €0.25
Rutoro89: folds 
pipinoelbreve9: folds 
basurdia: folds 
lagasalahaga: calls €0.15
*** FLOP *** [Kc Ks Jh]
lagasalahaga: checks 
leobcn9: checks 
*** TURN *** [Kc Ks Jh] [As]
lagasalahaga: checks 
leobcn9: bets €0.52
lagasalahaga: calls €0.52
*** RIVER *** [Kc Ks Jh As] [4d]
lagasalahaga: checks 
leobcn9: bets €1.51
lagasalahaga: folds 
Uncalled bet (€1.51) returned to leobcn9
leobcn9 collected €1.51 from pot
leobcn9: doesn't show hand 
*** SUMMARY ***
Total pot €1.59 | Rake €0.08 
Board [Kc Ks Jh As 4d]
Seat 1: pipinoelbreve9 (button) folded before Flop (didn't bet)
Seat 2: basurdia (small blind) folded before Flop
Seat 3: lagasalahaga (big blind) folded on the River
Seat 4: mucholejo folded before Flop (didn't bet)
Seat 5: leobcn9 collected (€1.51)
Seat 6: Rutoro89 folded before Flop (didn't bet)



PokerStars Zoom Hand #258305549058:  Hold'em No Limit (€0.05/€0.10) - 2025/10/29 11:21:31 CET [2025/10/29 6:21:31 ET]
Table 'Caph' 6-max Seat #1 is the button
Seat 1: pokeraxyn (€20.99 in chips) 
Seat 2: lagasalahaga (€18.62 in chips) 
Seat 3: Split2902 (€38.40 in chips) 
Seat 4: fAAQQndo17 (€10.31 in chips) 
Seat 5: pipinoelbreve9 (€10 in chips) 
Seat 6: Have2LeaveSpace (€11.61 in chips) 
lagasalahaga: posts small blind €0.05
Split2902: posts big blind €0.10
*** HOLE CARDS ***
Dealt to pipinoelbreve9 [Th Kc]
fAAQQndo17: folds 
pipinoelbreve9: raises €0.15 to €0.25
Have2LeaveSpace: raises €0.55 to €0.80
pokeraxyn: folds 
lagasalahaga: folds 
Split2902: folds 
pipinoelbreve9: folds 
Uncalled bet (€0.55) returned to Have2LeaveSpace
Have2LeaveSpace collected €0.65 from pot
Have2LeaveSpace: doesn't show hand 
*** SUMMARY ***
Total pot €0.65 | Rake €0 
Seat 1: pokeraxyn (button) folded before Flop (didn't bet)
Seat 2: lagasalahaga (small blind) folded before Flop
Seat 3: Split2902 (big blind) folded before Flop
Seat 4: fAAQQndo17 folded before Flop (didn't bet)
Seat 5: pipinoelbreve9 folded before Flop
Seat 6: Have2LeaveSpace collected (€0.65)



PokerStars Zoom Hand #258305548649:  Hold'em No Limit (€0.05/€0.10) - 2025/10/29 11:21:26 CET [2025/10/29 6:21:26 ET]
Table 'Caph' 6-max Seat #1 is the button
Seat 1: jayKOdee (€16.73 in chips) 
Seat 2: pepeelpelao (€11.68 in chips) 
Seat 3: Garcilaso AA (€24.82 in chips) 
Seat 4: Rutoro89 (€16.35 in chips) 
Seat 5: martine4839 (€10.47 in chips) 
Seat 6: pipinoelbreve9 (€10 in chips) 
pepeelpelao: posts small blind €0.05
Garcilaso AA: posts big blind €0.10
*** HOLE CARDS ***
Dealt to pipinoelbreve9 [9c 2d]
Rutoro89: folds 
martine4839: folds 
pipinoelbreve9: folds 
jayKOdee: raises €0.20 to €0.30
pepeelpelao: raises €0.70 to €1
Garcilaso AA: folds 
jayKOdee: calls €0.70
*** FLOP *** [Td 2c 6d]
pepeelpelao: checks 
jayKOdee: bets €1
pepeelpelao: calls €1
*** TURN *** [Td 2c 6d] [Tc]
pepeelpelao: checks 
jayKOdee: bets €1.95
pepeelpelao: calls €1.95
*** RIVER *** [Td 2c 6d Tc] [8d]
pepeelpelao: checks 
jayKOdee: bets €3.30
pepeelpelao: folds 
Uncalled bet (€3.30) returned to jayKOdee
jayKOdee collected €7.60 from pot
jayKOdee: doesn't show hand 
*** SUMMARY ***
Total pot €8 | Rake €0.40 
Board [Td 2c 6d Tc 8d]
Seat 1: jayKOdee (button) collected (€7.60)
Seat 2: pepeelpelao (small blind) folded on the River
Seat 3: Garcilaso AA (big blind) folded before Flop
Seat 4: Rutoro89 folded before Flop (didn't bet)
Seat 5: martine4839 folded before Flop (didn't bet)
Seat 6: pipinoelbreve9 folded before Flop (didn't bet)



PokerStars Zoom Hand #258305562024:  Hold'em No Limit (€0.05/€0.10) - 2025/10/29 11:24:05 CET [2025/10/29 6:24:05 ET]
Table 'Caph' 6-max Seat #1 is the button
Seat 1: EuLTioBraco (€10 in chips) 
Seat 2: mucholejo (€10.85 in chips) 
Seat 3: pipinoelbreve9 (€10 in chips) 
Seat 4: Jeannette27 (€6.84 in chips) 
Seat 5: basurdia (€10.15 in chips) 
Seat 6: boubusfo (€11.85 in chips) 
mucholejo: posts small blind €0.05
pipinoelbreve9: posts big blind €0.10
*** HOLE CARDS ***
Dealt to pipinoelbreve9 [4s Kd]
Jeannette27: folds 
basurdia: raises €0.20 to €0.30
boubusfo: folds 
EuLTioBraco: folds 
mucholejo: calls €0.25
pipinoelbreve9: folds 
*** FLOP *** [Th 5d Td]
mucholejo: checks 
basurdia: checks 
*** TURN *** [Th 5d Td] [Qs]
mucholejo: bets €0.33
basurdia: calls €0.33
*** RIVER *** [Th 5d Td Qs] [7d]
mucholejo: checks 
basurdia: checks 
*** SHOW DOWN ***
mucholejo: shows [9s Ah] (a pair of Tens)
basurdia: shows [8h 8d] (two pair, Tens and Eights)
basurdia collected €1.29 from pot
*** SUMMARY ***
Total pot €1.36 | Rake €0.07 
Board [Th 5d Td Qs 7d]
Seat 1: EuLTioBraco (button) folded before Flop (didn't bet)
Seat 2: mucholejo (small blind) showed [9s Ah] and lost with a pair of Tens
Seat 3: pipinoelbreve9 (big blind) folded before Flop
Seat 4: Jeannette27 folded before Flop (didn't bet)
Seat 5: basurdia showed [8h 8d] and won (€1.29) with two pair, Tens and Eights
Seat 6: boubusfo folded before Flop (didn't bet)



PokerStars Zoom Hand #258305562807:  Hold'em No Limit (€0.05/€0.10) - 2025/10/29 11:24:14 CET [2025/10/29 6:24:14 ET]
Table 'Caph' 6-max Seat #1 is the button
Seat 1: Woody_85167 (€10.30 in chips) 
Seat 2: pipinoelbreve9 (€10 in chips) 
Seat 3: Split2902 (€13.05 in chips) 
Seat 4: boubusfo (€11.85 in chips) 
Seat 5: lagasalahaga (€20.32 in chips) 
Seat 6: martine4839 (€10.22 in chips) 
pipinoelbreve9: posts small blind €0.05
Split2902: posts big blind €0.10
*** HOLE CARDS ***
Dealt to pipinoelbreve9 [9d 8h]
boubusfo: raises €0.20 to €0.30
lagasalahaga: folds 
martine4839: folds 
Woody_85167: folds 
pipinoelbreve9: folds 
Split2902: folds 
Uncalled bet (€0.20) returned to boubusfo
boubusfo collected €0.25 from pot
boubusfo: doesn't show hand 
*** SUMMARY ***
Total pot €0.25 | Rake €0 
Seat 1: Woody_85167 (button) folded before Flop (didn't bet)
Seat 2: pipinoelbreve9 (small blind) folded before Flop
Seat 3: Split2902 (big blind) folded before Flop
Seat 4: boubusfo collected (€0.25)
Seat 5: lagasalahaga folded before Flop (didn't bet)
Seat 6: martine4839 folded before Flop (didn't bet)



PokerStars Zoom Hand #258305563477:  Hold'em No Limit (€0.05/€0.10) - 2025/10/29 11:24:22 CET [2025/10/29 6:24:22 ET]
Table 'Caph' 6-max Seat #1 is the button
Seat 1: fAAQQndo17 (€13.20 in chips) 
Seat 2: Toze_bidarra (€15.20 in chips) 
Seat 3: pokeraxyn (€10.18 in chips) 
Seat 4: EviL_FeeL (€7.68 in chips) 
Seat 5: Have2LeaveSpace (€22.83 in chips) 
Seat 6: pipinoelbreve9 (€10 in chips) 
Toze_bidarra: posts small blind €0.05
pokeraxyn: posts big blind €0.10
*** HOLE CARDS ***
Dealt to pipinoelbreve9 [7s 5s]
EviL_FeeL: folds 
Have2LeaveSpace: folds 
pipinoelbreve9: folds 
fAAQQndo17: folds 
Toze_bidarra: folds 
Uncalled bet (€0.05) returned to pokeraxyn
pokeraxyn collected €0.10 from pot
pokeraxyn: doesn't show hand 
*** SUMMARY ***
Total pot €0.10 | Rake €0 
Seat 1: fAAQQndo17 (button) folded before Flop (didn't bet)
Seat 2: Toze_bidarra (small blind) folded before Flop
Seat 3: pokeraxyn (big blind) collected (€0.10)
Seat 4: EviL_FeeL folded before Flop (didn't bet)
Seat 5: Have2LeaveSpace folded before Flop (didn't bet)
Seat 6: pipinoelbreve9 folded before Flop (didn't bet)



PokerStars Zoom Hand #258305564374:  Hold'em No Limit (€0.05/€0.10) - 2025/10/29 11:24:32 CET [2025/10/29 6:24:32 ET]
Table 'Caph' 6-max Seat #1 is the button
Seat 1: EviL_FeeL (€7.63 in chips) 
Seat 2: Rutoro89 (€15.99 in chips) 
Seat 3: lagasalahaga (€10 in chips) 
Seat 4: pipinoelbreve9 (€10 in chips) 
Seat 5: EuLTioBraco (€10 in chips) 
Seat 6: Woody_85167 (€10.25 in chips) 
Rutoro89: posts small blind €0.05
lagasalahaga: posts big blind €0.10
*** HOLE CARDS ***
Dealt to pipinoelbreve9 [Kh 8d]
pipinoelbreve9: folds 
EuLTioBraco: folds 
Woody_85167: folds 
EviL_FeeL: folds 
Rutoro89: folds 
Uncalled bet (€0.05) returned to lagasalahaga
lagasalahaga collected €0.10 from pot
lagasalahaga: doesn't show hand 
*** SUMMARY ***
Total pot €0.10 | Rake €0 
Seat 1: EviL_FeeL (button) folded before Flop (didn't bet)
Seat 2: Rutoro89 (small blind) folded before Flop
Seat 3: lagasalahaga (big blind) collected (€0.10)
Seat 4: pipinoelbreve9 folded before Flop (didn't bet)
Seat 5: EuLTioBraco folded before Flop (didn't bet)
Seat 6: Woody_85167 folded before Flop (didn't bet)



PokerStars Zoom Hand #258305563939:  Hold'em No Limit (€0.05/€0.10) - 2025/10/29 11:24:27 CET [2025/10/29 6:24:27 ET]
Table 'Caph' 6-max Seat #1 is the button
Seat 1: Rutoro89 (€15.99 in chips) 
Seat 2: Split2902 (€12.95 in chips) 
Seat 3: basurdia (€10.15 in chips) 
Seat 4: lagasalahaga (€10 in chips) 
Seat 5: pipinoelbreve9 (€10 in chips) 
Seat 6: fAAQQndo17 (€13.20 in chips) 
Split2902: posts small blind €0.05
basurdia: posts big blind €0.10
*** HOLE CARDS ***
Dealt to pipinoelbreve9 [Kh 4c]
lagasalahaga: folds 
pipinoelbreve9: folds 
fAAQQndo17: folds 
Rutoro89: folds 
Split2902: raises €0.20 to €0.30
basurdia: calls €0.20
*** FLOP *** [Jd 4s 7s]
Split2902: bets €0.19
basurdia: calls €0.19
*** TURN *** [Jd 4s 7s] [Qd]
Split2902: bets €0.47
basurdia: calls €0.47
*** RIVER *** [Jd 4s 7s Qd] [3d]
Split2902: checks 
basurdia: checks 
*** SHOW DOWN ***
Split2902: shows [Jh Tc] (a pair of Jacks)
basurdia: mucks hand 
Split2902 collected €1.82 from pot
*** SUMMARY ***
Total pot €1.92 | Rake €0.10 
Board [Jd 4s 7s Qd 3d]
Seat 1: Rutoro89 (button) folded before Flop (didn't bet)
Seat 2: Split2902 (small blind) showed [Jh Tc] and won (€1.82) with a pair of Jacks
Seat 3: basurdia (big blind) mucked [Ts Th]
Seat 4: lagasalahaga folded before Flop (didn't bet)
Seat 5: pipinoelbreve9 folded before Flop (didn't bet)
Seat 6: fAAQQndo17 folded before Flop (didn't bet)



PokerStars Zoom Hand #258305564693:  Hold'em No Limit (€0.05/€0.10) - 2025/10/29 11:24:36 CET [2025/10/29 6:24:36 ET]
Table 'Caph' 6-max Seat #1 is the button
Seat 1: pipinoelbreve9 (€10 in chips) 
Seat 2: Have2LeaveSpace (€10.80 in chips) 
Seat 3: fAAQQndo17 (€27.33 in chips) 
Seat 4: basurdia (€11.90 in chips) 
Seat 5: Rutoro89 (€15.94 in chips) 
Seat 6: pokeraxyn (€15.97 in chips) 
Have2LeaveSpace: posts small blind €0.05
fAAQQndo17: posts big blind €0.10
*** HOLE CARDS ***
Dealt to pipinoelbreve9 [Ks Tc]
basurdia: folds 
Rutoro89: folds 
pokeraxyn: folds 
pipinoelbreve9: raises €0.15 to €0.25
Have2LeaveSpace: raises €0.90 to €1.15
fAAQQndo17: folds 
pipinoelbreve9: calls €0.90
*** FLOP *** [5d 7c 9h]
Have2LeaveSpace: bets €0.75
pipinoelbreve9: calls €0.75
*** TURN *** [5d 7c 9h] [8s]
Have2LeaveSpace: checks 
pipinoelbreve9: bets €2.44
Have2LeaveSpace: folds 
Uncalled bet (€2.44) returned to pipinoelbreve9
pipinoelbreve9 collected €3.70 from pot
pipinoelbreve9: doesn't show hand 
*** SUMMARY ***
Total pot €3.90 | Rake €0.20 
Board [5d 7c 9h 8s]
Seat 1: pipinoelbreve9 (button) collected (€3.70)
Seat 2: Have2LeaveSpace (small blind) folded on the Turn
Seat 3: fAAQQndo17 (big blind) folded before Flop
Seat 4: basurdia folded before Flop (didn't bet)
Seat 5: Rutoro89 folded before Flop (didn't bet)
Seat 6: pokeraxyn folded before Flop (didn't bet)



PokerStars Zoom Hand #258305568394:  Hold'em No Limit (€0.05/€0.10) - 2025/10/29 11:25:18 CET [2025/10/29 6:25:18 ET]
Table 'Caph' 6-max Seat #1 is the button
Seat 1: Woody_85167 (€10.20 in chips) 
Seat 2: minyaelen (€10 in chips) 
Seat 3: ibic22 (€10 in chips) 
Seat 4: STEAKssss (€10.19 in chips) 
Seat 5: pipinoelbreve9 (€11.80 in chips) 
Seat 6: Have2LeaveSpace (€11.88 in chips) 
minyaelen: posts small blind €0.05
ibic22: posts big blind €0.10
*** HOLE CARDS ***
Dealt to pipinoelbreve9 [7s Qs]
STEAKssss: folds 
pipinoelbreve9: folds 
Have2LeaveSpace: folds 
Woody_85167: folds 
minyaelen: folds 
Uncalled bet (€0.05) returned to ibic22
ibic22 collected €0.10 from pot
ibic22: doesn't show hand 
*** SUMMARY ***
Total pot €0.10 | Rake €0 
Seat 1: Woody_85167 (button) folded before Flop (didn't bet)
Seat 2: minyaelen (small blind) folded before Flop
Seat 3: ibic22 (big blind) collected (€0.10)
Seat 4: STEAKssss folded before Flop (didn't bet)
Seat 5: pipinoelbreve9 folded before Flop (didn't bet)
Seat 6: Have2LeaveSpace folded before Flop (didn't bet)



PokerStars Zoom Hand #258305562543:  Hold'em No Limit (€0.05/€0.10) - 2025/10/29 11:24:11 CET [2025/10/29 6:24:11 ET]
Table 'Caph' 6-max Seat #1 is the button
Seat 1: pipinoelbreve9 (€10 in chips) 
Seat 2: TIMBRERO (€1.91 in chips) 
Seat 3: olorbudie (€8 in chips) 
Seat 4: fAAQQndo17 (€11.21 in chips) 
Seat 5: EviL_FeeL (€7.68 in chips) 
Seat 6: braguez31 (€8.10 in chips) 
TIMBRERO: posts small blind €0.05
olorbudie: posts big blind €0.10
*** HOLE CARDS ***
Dealt to pipinoelbreve9 [8d 5s]
fAAQQndo17: raises €0.10 to €0.20
EviL_FeeL: folds 
braguez31: folds 
pipinoelbreve9: folds 
TIMBRERO: folds 
olorbudie: calls €0.10
*** FLOP *** [2d 7c Ts]
olorbudie: checks 
fAAQQndo17: checks 
*** TURN *** [2d 7c Ts] [2c]
olorbudie has timed out
olorbudie: checks 
fAAQQndo17: checks 
*** RIVER *** [2d 7c Ts 2c] [Tc]
olorbudie has timed out
olorbudie: checks 
fAAQQndo17: checks 
*** SHOW DOWN ***
olorbudie: shows [Ah 3d] (two pair, Tens and Deuces)
fAAQQndo17: shows [Ac Jh] (two pair, Tens and Deuces)
olorbudie collected €0.22 from pot
fAAQQndo17 collected €0.21 from pot
*** SUMMARY ***
Total pot €0.45 | Rake €0.02 
Board [2d 7c Ts 2c Tc]
Seat 1: pipinoelbreve9 (button) folded before Flop (didn't bet)
Seat 2: TIMBRERO (small blind) folded before Flop
Seat 3: olorbudie (big blind) showed [Ah 3d] and won (€0.22) with two pair, Tens and Deuces
Seat 4: fAAQQndo17 showed [Ac Jh] and won (€0.21) with two pair, Tens and Deuces
Seat 5: EviL_FeeL folded before Flop (didn't bet)
Seat 6: braguez31 folded before Flop (didn't bet)



PokerStars Zoom Hand #258305568721:  Hold'em No Limit (€0.05/€0.10) - 2025/10/29 11:25:22 CET [2025/10/29 6:25:22 ET]
Table 'Caph' 6-max Seat #1 is the button
Seat 1: mucholejo (€10.96 in chips) 
Seat 2: pipinoelbreve9 (€11.80 in chips) 
Seat 3: minyaelen (€10 in chips) 
Seat 4: TIMBRERO (€3.83 in chips) 
Seat 5: fAAQQndo17 (€27.18 in chips) 
Seat 6: STEAKssss (€10.19 in chips) 
pipinoelbreve9: posts small blind €0.05
minyaelen: posts big blind €0.10
*** HOLE CARDS ***
Dealt to pipinoelbreve9 [6c Ad]
TIMBRERO: calls €0.10
fAAQQndo17: folds 
STEAKssss: folds 
mucholejo: raises €0.10 to €0.20
pipinoelbreve9: folds 
minyaelen: folds 
TIMBRERO: calls €0.10
*** FLOP *** [7d 8d 7c]
TIMBRERO: checks 
mucholejo: bets €0.26
TIMBRERO: folds 
Uncalled bet (€0.26) returned to mucholejo
mucholejo collected €0.52 from pot
mucholejo: doesn't show hand 
*** SUMMARY ***
Total pot €0.55 | Rake €0.03 
Board [7d 8d 7c]
Seat 1: mucholejo (button) collected (€0.52)
Seat 2: pipinoelbreve9 (small blind) folded before Flop
Seat 3: minyaelen (big blind) folded before Flop
Seat 4: TIMBRERO folded on the Flop
Seat 5: fAAQQndo17 folded before Flop (didn't bet)
Seat 6: STEAKssss folded before Flop (didn't bet)



PokerStars Zoom Hand #258305570353:  Hold'em No Limit (€0.05/€0.10) - 2025/10/29 11:25:42 CET [2025/10/29 6:25:42 ET]
Table 'Caph' 6-max Seat #1 is the button
Seat 1: chusty24 (€10 in chips) 
Seat 2: gregoss054 (€13.47 in chips) 
Seat 3: pipinoelbreve9 (€11.75 in chips) 
Seat 4: mucholejo (€2.44 in chips) 
Seat 5: martine4839 (€11.81 in chips) 
Seat 6: Kacyhnkrykwmikx (€10 in chips) 
gregoss054: posts small blind €0.05
pipinoelbreve9: posts big blind €0.10
*** HOLE CARDS ***
Dealt to pipinoelbreve9 [Qh 4s]
mucholejo: folds 
martine4839: folds 
Kacyhnkrykwmikx: folds 
chusty24: folds 
gregoss054: folds 
Uncalled bet (€0.05) returned to pipinoelbreve9
pipinoelbreve9 collected €0.10 from pot
pipinoelbreve9: doesn't show hand 
*** SUMMARY ***
Total pot €0.10 | Rake €0 
Seat 1: chusty24 (button) folded before Flop (didn't bet)
Seat 2: gregoss054 (small blind) folded before Flop
Seat 3: pipinoelbreve9 (big blind) collected (€0.10)
Seat 4: mucholejo folded before Flop (didn't bet)
Seat 5: martine4839 folded before Flop (didn't bet)
Seat 6: Kacyhnkrykwmikx folded before Flop (didn't bet)



PokerStars Zoom Hand #258305572171:  Hold'em No Limit (€0.05/€0.10) - 2025/10/29 11:26:03 CET [2025/10/29 6:26:03 ET]
Table 'Caph' 6-max Seat #1 is the button
Seat 1: jayKOdee (€31.07 in chips) 
Seat 2: Waphil10 (€10.15 in chips) 
Seat 3: ibic22 (€10 in chips) 
Seat 4: gregoss054 (€13.42 in chips) 
Seat 5: mucholejo (€11.28 in chips) 
Seat 6: pipinoelbreve9 (€11.80 in chips) 
Waphil10: posts small blind €0.05
ibic22: posts big blind €0.10
*** HOLE CARDS ***
Dealt to pipinoelbreve9 [Jd 6d]
gregoss054: folds 
mucholejo: folds 
pipinoelbreve9: folds 
jayKOdee: folds 
Waphil10: folds 
Uncalled bet (€0.05) returned to ibic22
ibic22 collected €0.10 from pot
ibic22: doesn't show hand 
*** SUMMARY ***
Total pot €0.10 | Rake €0 
Seat 1: jayKOdee (button) folded before Flop (didn't bet)
Seat 2: Waphil10 (small blind) folded before Flop
Seat 3: ibic22 (big blind) collected (€0.10)
Seat 4: gregoss054 folded before Flop (didn't bet)
Seat 5: mucholejo folded before Flop (didn't bet)
Seat 6: pipinoelbreve9 folded before Flop (didn't bet)



PokerStars Zoom Hand #258305572683:  Hold'em No Limit (€0.05/€0.10) - 2025/10/29 11:26:09 CET [2025/10/29 6:26:09 ET]
Table 'Caph' 6-max Seat #1 is the button
Seat 1: pipinoelbreve9 (€11.80 in chips) 
Seat 2: pokeraxyn (€10.98 in chips) 
Seat 3: EuLTioBraco (€13.35 in chips) 
Seat 4: Jeannette27 (€6.46 in chips) 
Seat 5: chusty24 (€10.15 in chips) 
Seat 6: minyaelen (€10 in chips) 
pokeraxyn: posts small blind €0.05
EuLTioBraco: posts big blind €0.10
*** HOLE CARDS ***
Dealt to pipinoelbreve9 [2h As]
Jeannette27 is disconnected 
Jeannette27 has timed out while disconnected
Jeannette27: folds 
chusty24: raises €0.13 to €0.23
minyaelen: folds 
pipinoelbreve9: folds 
pokeraxyn: folds 
EuLTioBraco: raises €0.57 to €0.80
chusty24: calls €0.57
*** FLOP *** [Jc 4s 5h]
EuLTioBraco: checks 
chusty24: checks 
*** TURN *** [Jc 4s 5h] [Ks]
EuLTioBraco: bets €0.52
chusty24: calls €0.52
*** RIVER *** [Jc 4s 5h Ks] [9d]
EuLTioBraco: checks 
chusty24: bets €0.82
EuLTioBraco: calls €0.82
*** SHOW DOWN ***
chusty24: shows [Td Kd] (a pair of Kings)
EuLTioBraco: mucks hand 
chusty24 collected €4.11 from pot
*** SUMMARY ***
Total pot €4.33 | Rake €0.22 
Board [Jc 4s 5h Ks 9d]
Seat 1: pipinoelbreve9 (button) folded before Flop (didn't bet)
Seat 2: pokeraxyn (small blind) folded before Flop
Seat 3: EuLTioBraco (big blind) mucked [Qd Ad]
Seat 4: Jeannette27 folded before Flop (didn't bet)
Seat 5: chusty24 showed [Td Kd] and won (€4.11) with a pair of Kings
Seat 6: minyaelen folded before Flop (didn't bet)



PokerStars Zoom Hand #258305580661:  Hold'em No Limit (€0.05/€0.10) - 2025/10/29 11:27:43 CET [2025/10/29 6:27:43 ET]
Table 'Caph' 6-max Seat #1 is the button
Seat 1: pokeraxyn (€15.72 in chips) 
Seat 2: ricrosas (€5.79 in chips) 
Seat 3: pipinoelbreve9 (€11.80 in chips) 
Seat 4: fAAQQndo17 (€27.90 in chips) 
Seat 5: mucholejo (€2.24 in chips) 
Seat 6: Jeannette27 (€10 in chips) 
ricrosas: posts small blind €0.05
pipinoelbreve9: posts big blind €0.10
*** HOLE CARDS ***
Dealt to pipinoelbreve9 [4s 4c]
fAAQQndo17: folds 
mucholejo: folds 
Jeannette27: folds 
pokeraxyn: raises €0.15 to €0.25
ricrosas: folds 
pipinoelbreve9: calls €0.15
*** FLOP *** [3s 5s 5c]
pipinoelbreve9: checks 
pokeraxyn: checks 
*** TURN *** [3s 5s 5c] [9c]
pipinoelbreve9: bets €0.26
pokeraxyn: folds 
Uncalled bet (€0.26) returned to pipinoelbreve9
pipinoelbreve9 collected €0.52 from pot
pipinoelbreve9: doesn't show hand 
*** SUMMARY ***
Total pot €0.55 | Rake €0.03 
Board [3s 5s 5c 9c]
Seat 1: pokeraxyn (button) folded on the Turn
Seat 2: ricrosas (small blind) folded before Flop
Seat 3: pipinoelbreve9 (big blind) collected (€0.52)
Seat 4: fAAQQndo17 folded before Flop (didn't bet)
Seat 5: mucholejo folded before Flop (didn't bet)
Seat 6: Jeannette27 folded before Flop (didn't bet)



PokerStars Zoom Hand #258305582850:  Hold'em No Limit (€0.05/€0.10) - 2025/10/29 11:28:08 CET [2025/10/29 6:28:08 ET]
Table 'Caph' 6-max Seat #1 is the button
Seat 1: Split2902 (€10.30 in chips) 
Seat 2: pipinoelbreve9 (€12.07 in chips) 
Seat 3: basurdia (€10.47 in chips) 
Seat 4: pokeraxyn (€10 in chips) 
Seat 5: gregoss054 (€14 in chips) 
Seat 6: chusty24 (€10 in chips) 
pipinoelbreve9: posts small blind €0.05
basurdia: posts big blind €0.10
*** HOLE CARDS ***
Dealt to pipinoelbreve9 [2h Kd]
pokeraxyn: folds 
gregoss054: folds 
chusty24: raises €0.13 to €0.23
Split2902: folds 
pipinoelbreve9: folds 
basurdia: folds 
Uncalled bet (€0.13) returned to chusty24
chusty24 collected €0.25 from pot
chusty24: doesn't show hand 
*** SUMMARY ***
Total pot €0.25 | Rake €0 
Seat 1: Split2902 (button) folded before Flop (didn't bet)
Seat 2: pipinoelbreve9 (small blind) folded before Flop
Seat 3: basurdia (big blind) folded before Flop
Seat 4: pokeraxyn folded before Flop (didn't bet)
Seat 5: gregoss054 folded before Flop (didn't bet)
Seat 6: chusty24 collected (€0.25)



PokerStars Zoom Hand #258305583482:  Hold'em No Limit (€0.05/€0.10) - 2025/10/29 11:28:16 CET [2025/10/29 6:28:16 ET]
Table 'Caph' 6-max Seat #1 is the button
Seat 1: pipinoelbreve9 (€12.02 in chips) 
Seat 2: Have2LeaveSpace (€10 in chips) 
Seat 3: minyaelen (€10 in chips) 
Seat 4: fAAQQndo17 (€10 in chips) 
Seat 5: STEAKssss (€10.51 in chips) 
Seat 6: lagasalahaga (€10.53 in chips) 
Have2LeaveSpace: posts small blind €0.05
minyaelen: posts big blind €0.10
*** HOLE CARDS ***
Dealt to pipinoelbreve9 [Ks Jd]
fAAQQndo17: folds 
STEAKssss: folds 
lagasalahaga: folds 
pipinoelbreve9: raises €0.15 to €0.25
Have2LeaveSpace: folds 
minyaelen: raises €0.65 to €0.90
pipinoelbreve9: calls €0.65
*** FLOP *** [As 9h Jh]
minyaelen: checks 
pipinoelbreve9: bets €1.16
minyaelen: calls €1.16
*** TURN *** [As 9h Jh] [7d]
minyaelen: checks 
pipinoelbreve9: checks 
*** RIVER *** [As 9h Jh 7d] [6s]
minyaelen: bets €1.39
pipinoelbreve9: calls €1.39
*** SHOW DOWN ***
minyaelen: shows [Kc Ah] (a pair of Aces)
pipinoelbreve9: mucks hand 
minyaelen collected €6.60 from pot
*** SUMMARY ***
Total pot €6.95 | Rake €0.35 
Board [As 9h Jh 7d 6s]
Seat 1: pipinoelbreve9 (button) mucked [Ks Jd]
Seat 2: Have2LeaveSpace (small blind) folded before Flop
Seat 3: minyaelen (big blind) showed [Kc Ah] and won (€6.60) with a pair of Aces
Seat 4: fAAQQndo17 folded before Flop (didn't bet)
Seat 5: STEAKssss folded before Flop (didn't bet)
Seat 6: lagasalahaga folded before Flop (didn't bet)



PokerStars Zoom Hand #258305589921:  Hold'em No Limit (€0.05/€0.10) - 2025/10/29 11:29:31 CET [2025/10/29 6:29:31 ET]
Table 'Caph' 6-max Seat #1 is the button
Seat 1: Jeannette27 (€10.32 in chips) 
Seat 2: jayKOdee (€27.48 in chips) 
Seat 3: Kacyhnkrykwmikx (€10 in chips) 
Seat 4: Woody_85167 (€9.33 in chips) 
Seat 5: basurdia (€11.03 in chips) 
Seat 6: pipinoelbreve9 (€10 in chips) 
jayKOdee: posts small blind €0.05
Kacyhnkrykwmikx: posts big blind €0.10
*** HOLE CARDS ***
Dealt to pipinoelbreve9 [5d 3c]
Woody_85167: folds 
basurdia: folds 
pipinoelbreve9: folds 
Jeannette27: folds 
jayKOdee: folds 
Uncalled bet (€0.05) returned to Kacyhnkrykwmikx
Kacyhnkrykwmikx collected €0.10 from pot
Kacyhnkrykwmikx: doesn't show hand 
*** SUMMARY ***
Total pot €0.10 | Rake €0 
Seat 1: Jeannette27 (button) folded before Flop (didn't bet)
Seat 2: jayKOdee (small blind) folded before Flop
Seat 3: Kacyhnkrykwmikx (big blind) collected (€0.10)
Seat 4: Woody_85167 folded before Flop (didn't bet)
Seat 5: basurdia folded before Flop (didn't bet)
Seat 6: pipinoelbreve9 folded before Flop (didn't bet)



PokerStars Zoom Hand #258305590783:  Hold'em No Limit (€0.05/€0.10) - 2025/10/29 11:29:41 CET [2025/10/29 6:29:41 ET]
Table 'Caph' 6-max Seat #1 is the button
Seat 1: Kacyhnkrykwmikx (€10.05 in chips) 
Seat 2: Jeannette27 (€10.32 in chips) 
Seat 3: pipinoelbreve9 (€10 in chips) 
Seat 4: lagasalahaga (€10 in chips) 
Seat 5: MachinegunMama (€10 in chips) 
Seat 6: fAAQQndo17 (€13.28 in chips) 
Jeannette27: posts small blind €0.05
pipinoelbreve9: posts big blind €0.10
*** HOLE CARDS ***
Dealt to pipinoelbreve9 [2h 7c]
lagasalahaga: folds 
MachinegunMama: folds 
fAAQQndo17: raises €0.13 to €0.23
Kacyhnkrykwmikx: folds 
Jeannette27: calls €0.18
pipinoelbreve9: folds 
*** FLOP *** [Th Qc 6s]
Jeannette27: checks 
fAAQQndo17: checks 
*** TURN *** [Th Qc 6s] [2s]
Jeannette27: bets €0.27
fAAQQndo17: folds 
Uncalled bet (€0.27) returned to Jeannette27
Jeannette27 collected €0.53 from pot
Jeannette27: doesn't show hand 
*** SUMMARY ***
Total pot €0.56 | Rake €0.03 
Board [Th Qc 6s 2s]
Seat 1: Kacyhnkrykwmikx (button) folded before Flop (didn't bet)
Seat 2: Jeannette27 (small blind) collected (€0.53)
Seat 3: pipinoelbreve9 (big blind) folded before Flop
Seat 4: lagasalahaga folded before Flop (didn't bet)
Seat 5: MachinegunMama folded before Flop (didn't bet)
Seat 6: fAAQQndo17 folded on the Turn



PokerStars Zoom Hand #258305590297:  Hold'em No Limit (€0.05/€0.10) - 2025/10/29 11:29:35 CET [2025/10/29 6:29:35 ET]
Table 'Caph' 6-max Seat #1 is the button
Seat 1: jayKOdee (€29.64 in chips) 
Seat 2: Split2902 (€34.41 in chips) 
Seat 3: Woody_85167 (€9.33 in chips) 
Seat 4: iamngfs (€10.45 in chips) 
Seat 5: pipinoelbreve9 (€10 in chips) 
Seat 6: martine4839 (€11.53 in chips) 
Split2902: posts small blind €0.05
Woody_85167: posts big blind €0.10
*** HOLE CARDS ***
Dealt to pipinoelbreve9 [8h Jh]
iamngfs: folds 
pipinoelbreve9: folds 
martine4839: folds 
jayKOdee: folds 
Split2902: raises €0.20 to €0.30
Woody_85167: raises €0.60 to €0.90
Split2902: folds 
Uncalled bet (€0.60) returned to Woody_85167
Woody_85167 collected €0.60 from pot
Woody_85167: doesn't show hand 
*** SUMMARY ***
Total pot €0.60 | Rake €0 
Seat 1: jayKOdee (button) folded before Flop (didn't bet)
Seat 2: Split2902 (small blind) folded before Flop
Seat 3: Woody_85167 (big blind) collected (€0.60)
Seat 4: iamngfs folded before Flop (didn't bet)
Seat 5: pipinoelbreve9 folded before Flop (didn't bet)
Seat 6: martine4839 folded before Flop (didn't bet)



PokerStars Zoom Hand #258305592601:  Hold'em No Limit (€0.05/€0.10) - 2025/10/29 11:30:02 CET [2025/10/29 6:30:02 ET]
Table 'Caph' 6-max Seat #1 is the button
Seat 1: Txinarro69 (€8.20 in chips) 
Seat 2: iamngfs (€10.35 in chips) 
Seat 3: pokeraxyn (€10 in chips) 
Seat 4: Kacyhnkrykwmikx (€10.05 in chips) 
Seat 5: pipinoelbreve9 (€10 in chips) 
Seat 6: gregoss054 (€14.19 in chips) 
iamngfs: posts small blind €0.05
pokeraxyn: posts big blind €0.10
*** HOLE CARDS ***
Dealt to pipinoelbreve9 [6s 4h]
Kacyhnkrykwmikx: folds 
pipinoelbreve9: folds 
gregoss054: folds 
Txinarro69: folds 
iamngfs: folds 
Uncalled bet (€0.05) returned to pokeraxyn
pokeraxyn collected €0.10 from pot
pokeraxyn: doesn't show hand 
*** SUMMARY ***
Total pot €0.10 | Rake €0 
Seat 1: Txinarro69 (button) folded before Flop (didn't bet)
Seat 2: iamngfs (small blind) folded before Flop
Seat 3: pokeraxyn (big blind) collected (€0.10)
Seat 4: Kacyhnkrykwmikx folded before Flop (didn't bet)
Seat 5: pipinoelbreve9 folded before Flop (didn't bet)
Seat 6: gregoss054 folded before Flop (didn't bet)



PokerStars Zoom Hand #258305593009:  Hold'em No Limit (€0.05/€0.10) - 2025/10/29 11:30:07 CET [2025/10/29 6:30:07 ET]
Table 'Caph' 6-max Seat #1 is the button
Seat 1: basurdia (€20.72 in chips) 
Seat 2: boubusfo (€10.38 in chips) 
Seat 3: ehbraga (€10 in chips) 
Seat 4: pipinoelbreve9 (€10 in chips) 
Seat 5: lagasalahaga (€10.13 in chips) 
Seat 6: leobcn9 (€10.74 in chips) 
boubusfo: posts small blind €0.05
ehbraga: posts big blind €0.10
*** HOLE CARDS ***
Dealt to pipinoelbreve9 [9h 4c]
pipinoelbreve9: folds 
lagasalahaga: folds 
leobcn9: raises €0.20 to €0.30
basurdia: folds 
boubusfo: folds 
ehbraga: folds 
Uncalled bet (€0.20) returned to leobcn9
leobcn9 collected €0.25 from pot
leobcn9: doesn't show hand 
*** SUMMARY ***
Total pot €0.25 | Rake €0 
Seat 1: basurdia (button) folded before Flop (didn't bet)
Seat 2: boubusfo (small blind) folded before Flop
Seat 3: ehbraga (big blind) folded before Flop
Seat 4: pipinoelbreve9 folded before Flop (didn't bet)
Seat 5: lagasalahaga folded before Flop (didn't bet)
Seat 6: leobcn9 collected (€0.25)



PokerStars Zoom Hand #258305591735:  Hold'em No Limit (€0.05/€0.10) - 2025/10/29 11:29:52 CET [2025/10/29 6:29:52 ET]
Table 'Caph' 6-max Seat #1 is the button
Seat 1: pipinoelbreve9 (€10 in chips) 
Seat 2: jayKOdee (€29.64 in chips) 
Seat 3: pomkuitfromhell (€10 in chips) 
Seat 4: lagasalahaga (€10.13 in chips) 
Seat 5: pokeraxyn (€17.11 in chips) 
Seat 6: minyaelen (€13.10 in chips) 
jayKOdee: posts small blind €0.05
pomkuitfromhell: posts big blind €0.10
*** HOLE CARDS ***
Dealt to pipinoelbreve9 [4h 7c]
lagasalahaga: folds 
pokeraxyn: raises €0.11 to €0.21
minyaelen: folds 
pipinoelbreve9: folds 
jayKOdee: folds 
pomkuitfromhell: calls €0.11
*** FLOP *** [Tc Qc 9c]
pomkuitfromhell: checks 
pokeraxyn: bets €0.25
pomkuitfromhell: calls €0.25
*** TURN *** [Tc Qc 9c] [4s]
pomkuitfromhell: checks 
pokeraxyn: bets €0.92
pomkuitfromhell: folds 
Uncalled bet (€0.92) returned to pokeraxyn
pokeraxyn collected €0.92 from pot
pokeraxyn: doesn't show hand 
*** SUMMARY ***
Total pot €0.97 | Rake €0.05 
Board [Tc Qc 9c 4s]
Seat 1: pipinoelbreve9 (button) folded before Flop (didn't bet)
Seat 2: jayKOdee (small blind) folded before Flop
Seat 3: pomkuitfromhell (big blind) folded on the Turn
Seat 4: lagasalahaga folded before Flop (didn't bet)
Seat 5: pokeraxyn collected (€0.92)
Seat 6: minyaelen folded before Flop (didn't bet)



PokerStars Zoom Hand #258305593317:  Hold'em No Limit (€0.05/€0.10) - 2025/10/29 11:30:11 CET [2025/10/29 6:30:11 ET]
Table 'Caph' 6-max Seat #1 is the button
Seat 1: smrj1976 (€9.16 in chips) 
Seat 2: Woody_85167 (€11.60 in chips) 
Seat 3: minyaelen (€13.25 in chips) 
Seat 4: jayKOdee (€27.33 in chips) 
Seat 5: mucholejo (€2.98 in chips) 
Seat 6: pipinoelbreve9 (€10 in chips) 
Woody_85167: posts small blind €0.05
minyaelen: posts big blind €0.10
*** HOLE CARDS ***
Dealt to pipinoelbreve9 [Tc Th]
jayKOdee: raises €0.20 to €0.30
mucholejo: folds 
pipinoelbreve9: calls €0.30
smrj1976: folds 
Woody_85167: folds 
minyaelen: folds 
*** FLOP *** [Kc 6d Ks]
jayKOdee: checks 
pipinoelbreve9: checks 
*** TURN *** [Kc 6d Ks] [7c]
jayKOdee: checks 
pipinoelbreve9: bets €0.36
jayKOdee: folds 
Uncalled bet (€0.36) returned to pipinoelbreve9
pipinoelbreve9 collected €0.71 from pot
pipinoelbreve9: doesn't show hand 
*** SUMMARY ***
Total pot €0.75 | Rake €0.04 
Board [Kc 6d Ks 7c]
Seat 1: smrj1976 (button) folded before Flop (didn't bet)
Seat 2: Woody_85167 (small blind) folded before Flop
Seat 3: minyaelen (big blind) folded before Flop
Seat 4: jayKOdee folded on the Turn
Seat 5: mucholejo folded before Flop (didn't bet)
Seat 6: pipinoelbreve9 collected (€0.71)



PokerStars Zoom Hand #258305592202:  Hold'em No Limit (€0.05/€0.10) - 2025/10/29 11:29:58 CET [2025/10/29 6:29:58 ET]
Table 'Caph' 6-max Seat #1 is the button
Seat 1: jayKOdee (€15.75 in chips) 
Seat 2: pipinoelbreve9 (€10 in chips) 
Seat 3: LUISFIMURIEL (€8 in chips) 
Seat 4: lagasalahaga (€10 in chips) 
Seat 5: Have2LeaveSpace (€13.07 in chips) 
Seat 6: Toze_bidarra (€13.71 in chips) 
pipinoelbreve9: posts small blind €0.05
LUISFIMURIEL: posts big blind €0.10
*** HOLE CARDS ***
Dealt to pipinoelbreve9 [2d 5s]
lagasalahaga: folds 
Have2LeaveSpace: raises €0.13 to €0.23
Toze_bidarra: folds 
jayKOdee: calls €0.23
pipinoelbreve9: folds 
LUISFIMURIEL: folds 
*** FLOP *** [6d 8d 7c]
Have2LeaveSpace: checks 
jayKOdee: bets €0.29
Have2LeaveSpace: calls €0.29
*** TURN *** [6d 8d 7c] [3c]
Have2LeaveSpace: checks 
jayKOdee: bets €0.57
Have2LeaveSpace: folds 
Uncalled bet (€0.57) returned to jayKOdee
jayKOdee collected €1.13 from pot
jayKOdee: doesn't show hand 
*** SUMMARY ***
Total pot €1.19 | Rake €0.06 
Board [6d 8d 7c 3c]
Seat 1: jayKOdee (button) collected (€1.13)
Seat 2: pipinoelbreve9 (small blind) folded before Flop
Seat 3: LUISFIMURIEL (big blind) folded before Flop
Seat 4: lagasalahaga folded before Flop (didn't bet)
Seat 5: Have2LeaveSpace folded on the Turn
Seat 6: Toze_bidarra folded before Flop (didn't bet)



PokerStars Zoom Hand #258305596146:  Hold'em No Limit (€0.05/€0.10) - 2025/10/29 11:30:44 CET [2025/10/29 6:30:44 ET]
Table 'Caph' 6-max Seat #1 is the button
Seat 1: lagasalahaga (€10.05 in chips) 
Seat 2: dariotd (€6.66 in chips) 
Seat 3: basukun (€15.51 in chips) 
Seat 4: Waphil10 (€10.15 in chips) 
Seat 5: fAAQQndo17 (€10 in chips) 
Seat 6: pipinoelbreve9 (€10.41 in chips) 
dariotd: posts small blind €0.05
basukun: posts big blind €0.10
*** HOLE CARDS ***
Dealt to pipinoelbreve9 [6h Ac]
Waphil10: folds 
fAAQQndo17: folds 
pipinoelbreve9: folds 
lagasalahaga: folds 
dariotd: folds 
Uncalled bet (€0.05) returned to basukun
basukun collected €0.10 from pot
basukun: doesn't show hand 
*** SUMMARY ***
Total pot €0.10 | Rake €0 
Seat 1: lagasalahaga (button) folded before Flop (didn't bet)
Seat 2: dariotd (small blind) folded before Flop
Seat 3: basukun (big blind) collected (€0.10)
Seat 4: Waphil10 folded before Flop (didn't bet)
Seat 5: fAAQQndo17 folded before Flop (didn't bet)
Seat 6: pipinoelbreve9 folded before Flop (didn't bet)



PokerStars Zoom Hand #258305596822:  Hold'em No Limit (€0.05/€0.10) - 2025/10/29 11:30:52 CET [2025/10/29 6:30:52 ET]
Table 'Caph' 6-max Seat #1 is the button
Seat 1: jayKOdee (€20.38 in chips) 
Seat 2: pomkuitfromhell (€10.15 in chips) 
Seat 3: pipinoelbreve9 (€10.36 in chips) 
Seat 4: pokeraxyn (€17.52 in chips) 
Seat 5: Toze_bidarra (€13.86 in chips) 
Seat 6: basurdia (€10.15 in chips) 
pomkuitfromhell: posts small blind €0.05
pipinoelbreve9: posts big blind €0.10
*** HOLE CARDS ***
Dealt to pipinoelbreve9 [Td 6h]
pokeraxyn: folds 
Toze_bidarra: folds 
basurdia: raises €0.20 to €0.30
jayKOdee: folds 
pomkuitfromhell: folds 
pipinoelbreve9: folds 
Uncalled bet (€0.20) returned to basurdia
basurdia collected €0.25 from pot
basurdia: doesn't show hand 
*** SUMMARY ***
Total pot €0.25 | Rake €0 
Seat 1: jayKOdee (button) folded before Flop (didn't bet)
Seat 2: pomkuitfromhell (small blind) folded before Flop
Seat 3: pipinoelbreve9 (big blind) folded before Flop
Seat 4: pokeraxyn folded before Flop (didn't bet)
Seat 5: Toze_bidarra folded before Flop (didn't bet)
Seat 6: basurdia collected (€0.25)



PokerStars Zoom Hand #258305598480:  Hold'em No Limit (€0.05/€0.10) - 2025/10/29 11:31:12 CET [2025/10/29 6:31:12 ET]
Table 'Caph' 6-max Seat #1 is the button
Seat 1: pipinoelbreve9 (€10.26 in chips) 
Seat 2: lagasalahaga (€10 in chips) 
Seat 3: fAAQQndo17 (€10 in chips) 
Seat 4: Txinarro69 (€7.90 in chips) 
Seat 5: minyaelen (€11.71 in chips) 
Seat 6: mucholejo (€2.98 in chips) 
lagasalahaga: posts small blind €0.05
fAAQQndo17: posts big blind €0.10
*** HOLE CARDS ***
Dealt to pipinoelbreve9 [Ac 7s]
Txinarro69: folds 
minyaelen: raises €0.12 to €0.22
mucholejo: folds 
pipinoelbreve9: folds 
lagasalahaga: folds 
fAAQQndo17: raises €0.98 to €1.20
minyaelen: folds 
Uncalled bet (€0.98) returned to fAAQQndo17
fAAQQndo17 collected €0.49 from pot
fAAQQndo17: doesn't show hand 
*** SUMMARY ***
Total pot €0.49 | Rake €0 
Seat 1: pipinoelbreve9 (button) folded before Flop (didn't bet)
Seat 2: lagasalahaga (small blind) folded before Flop
Seat 3: fAAQQndo17 (big blind) collected (€0.49)
Seat 4: Txinarro69 folded before Flop (didn't bet)
Seat 5: minyaelen folded before Flop
Seat 6: mucholejo folded before Flop (didn't bet)



PokerStars Zoom Hand #258305596571:  Hold'em No Limit (€0.05/€0.10) - 2025/10/29 11:30:49 CET [2025/10/29 6:30:49 ET]
Table 'Caph' 6-max Seat #1 is the button
Seat 1: fAAQQndo17 (€12.75 in chips) 
Seat 2: pipinoelbreve9 (€10.41 in chips) 
Seat 3: minyaelen (€11.26 in chips) 
Seat 4: mucholejo (€2.93 in chips) 
Seat 5: dariotd (€6.61 in chips) 
Seat 6: Have2LeaveSpace (€11.23 in chips) 
pipinoelbreve9: posts small blind €0.05
minyaelen: posts big blind €0.10
*** HOLE CARDS ***
Dealt to pipinoelbreve9 [3s 7h]
mucholejo: folds 
dariotd: folds 
Have2LeaveSpace: raises €0.13 to €0.23
fAAQQndo17: folds 
pipinoelbreve9: folds 
minyaelen: calls €0.13
*** FLOP *** [Jc Jh 2c]
minyaelen: checks 
Have2LeaveSpace: bets €0.16
minyaelen: folds 
Uncalled bet (€0.16) returned to Have2LeaveSpace
Have2LeaveSpace collected €0.48 from pot
Have2LeaveSpace: doesn't show hand 
*** SUMMARY ***
Total pot €0.51 | Rake €0.03 
Board [Jc Jh 2c]
Seat 1: fAAQQndo17 (button) folded before Flop (didn't bet)
Seat 2: pipinoelbreve9 (small blind) folded before Flop
Seat 3: minyaelen (big blind) folded on the Flop
Seat 4: mucholejo folded before Flop (didn't bet)
Seat 5: dariotd folded before Flop (didn't bet)
Seat 6: Have2LeaveSpace collected (€0.48)



PokerStars Zoom Hand #258305599483:  Hold'em No Limit (€0.05/€0.10) - 2025/10/29 11:31:24 CET [2025/10/29 6:31:24 ET]
Table 'Caph' 6-max Seat #1 is the button
Seat 1: jayKOdee (€27.03 in chips) 
Seat 2: MachinegunMama (€48.13 in chips) 
Seat 3: pomkuitfromhell (€10.25 in chips) 
Seat 4: Toze_bidarra (€13.71 in chips) 
Seat 5: pipinoelbreve9 (€10.26 in chips) 
Seat 6: pokeraxyn (€17.57 in chips) 
MachinegunMama: posts small blind €0.05
pomkuitfromhell: posts big blind €0.10
*** HOLE CARDS ***
Dealt to pipinoelbreve9 [3s 7h]
Toze_bidarra: folds 
pipinoelbreve9: folds 
pokeraxyn: raises €0.15 to €0.25
jayKOdee: folds 
MachinegunMama: folds 
pomkuitfromhell: folds 
Uncalled bet (€0.15) returned to pokeraxyn
pokeraxyn collected €0.25 from pot
pokeraxyn: doesn't show hand 
*** SUMMARY ***
Total pot €0.25 | Rake €0 
Seat 1: jayKOdee (button) folded before Flop (didn't bet)
Seat 2: MachinegunMama (small blind) folded before Flop
Seat 3: pomkuitfromhell (big blind) folded before Flop
Seat 4: Toze_bidarra folded before Flop (didn't bet)
Seat 5: pipinoelbreve9 folded before Flop (didn't bet)
Seat 6: pokeraxyn collected (€0.25)



PokerStars Zoom Hand #258305601000:  Hold'em No Limit (€0.05/€0.10) - 2025/10/29 11:31:42 CET [2025/10/29 6:31:42 ET]
Table 'Caph' 6-max Seat #1 is the button
Seat 1: basurdia (€10 in chips) 
Seat 2: pomkuitfromhell (€10.15 in chips) 
Seat 3: iamngfs (€9.95 in chips) 
Seat 4: pipinoelbreve9 (€10.26 in chips) 
Seat 5: Have2LeaveSpace (€11.48 in chips) 
Seat 6: mucholejo (€11.25 in chips) 
pomkuitfromhell: posts small blind €0.05
iamngfs: posts big blind €0.10
*** HOLE CARDS ***
Dealt to pipinoelbreve9 [Ks 5h]
pipinoelbreve9 has timed out
pipinoelbreve9: folds 
Have2LeaveSpace: folds 
mucholejo: raises €0.10 to €0.20
basurdia: folds 
pomkuitfromhell: folds 
iamngfs: folds 
Uncalled bet (€0.10) returned to mucholejo
mucholejo collected €0.25 from pot
mucholejo: doesn't show hand 
*** SUMMARY ***
Total pot €0.25 | Rake €0 
Seat 1: basurdia (button) folded before Flop (didn't bet)
Seat 2: pomkuitfromhell (small blind) folded before Flop
Seat 3: iamngfs (big blind) folded before Flop
Seat 4: pipinoelbreve9 folded before Flop (didn't bet)
Seat 5: Have2LeaveSpace folded before Flop (didn't bet)
Seat 6: mucholejo collected (€0.25)



PokerStars Zoom Hand #258305600571:  Hold'em No Limit (€0.05/€0.10) - 2025/10/29 11:31:36 CET [2025/10/29 6:31:36 ET]
Table 'Caph' 6-max Seat #1 is the button
Seat 1: smrj1976 (€9.62 in chips) 
Seat 2: minyaelen (€11.03 in chips) 
Seat 3: jayKOdee (€27.03 in chips) 
Seat 4: pomkuitfromhell (€10.15 in chips) 
Seat 5: pipinoelbreve9 (€10.26 in chips) 
Seat 6: Have2LeaveSpace (€23.81 in chips) 
minyaelen: posts small blind €0.05
jayKOdee: posts big blind €0.10
*** HOLE CARDS ***
Dealt to pipinoelbreve9 [8c 9s]
pomkuitfromhell: raises €0.15 to €0.25
pipinoelbreve9: folds 
Have2LeaveSpace: folds 
smrj1976: folds 
minyaelen: calls €0.20
jayKOdee: folds 
*** FLOP *** [Kd 3d 6d]
minyaelen: checks 
pomkuitfromhell: checks 
*** TURN *** [Kd 3d 6d] [As]
minyaelen: checks 
pomkuitfromhell: bets €0.19
minyaelen: folds 
Uncalled bet (€0.19) returned to pomkuitfromhell
pomkuitfromhell collected €0.57 from pot
pomkuitfromhell: doesn't show hand 
*** SUMMARY ***
Total pot €0.60 | Rake €0.03 
Board [Kd 3d 6d As]
Seat 1: smrj1976 (button) folded before Flop (didn't bet)
Seat 2: minyaelen (small blind) folded on the Turn
Seat 3: jayKOdee (big blind) folded before Flop
Seat 4: pomkuitfromhell collected (€0.57)
Seat 5: pipinoelbreve9 folded before Flop (didn't bet)
Seat 6: Have2LeaveSpace folded before Flop (didn't bet)



PokerStars Zoom Hand #258305611136:  Hold'em No Limit (€0.05/€0.10) - 2025/10/29 11:33:41 CET [2025/10/29 6:33:41 ET]
Table 'Caph' 6-max Seat #1 is the button
Seat 1: fAAQQndo17 (€10.32 in chips) 
Seat 2: EviL_FeeL (€8.89 in chips) 
Seat 3: Waphil10 (€12.33 in chips) 
Seat 4: pipinoelbreve9 (€10.26 in chips) 
Seat 5: STEAKssss (€10 in chips) 
Seat 6: minyaelen (€11.28 in chips) 
EviL_FeeL: posts small blind €0.05
Waphil10: posts big blind €0.10
*** HOLE CARDS ***
Dealt to pipinoelbreve9 [3d Qd]
pipinoelbreve9: folds 
STEAKssss: folds 
minyaelen: folds 
fAAQQndo17: folds 
EviL_FeeL: folds 
Uncalled bet (€0.05) returned to Waphil10
Waphil10 collected €0.10 from pot
Waphil10: doesn't show hand 
*** SUMMARY ***
Total pot €0.10 | Rake €0 
Seat 1: fAAQQndo17 (button) folded before Flop (didn't bet)
Seat 2: EviL_FeeL (small blind) folded before Flop
Seat 3: Waphil10 (big blind) collected (€0.10)
Seat 4: pipinoelbreve9 folded before Flop (didn't bet)
Seat 5: STEAKssss folded before Flop (didn't bet)
Seat 6: minyaelen folded before Flop (didn't bet)



PokerStars Zoom Hand #258305611525:  Hold'em No Limit (€0.05/€0.10) - 2025/10/29 11:33:45 CET [2025/10/29 6:33:45 ET]
Table 'Caph' 6-max Seat #1 is the button
Seat 1: pomkuitfromhell (€10.15 in chips) 
Seat 2: Enriickk (€17.63 in chips) 
Seat 3: pipinoelbreve9 (€10.26 in chips) 
Seat 4: mucholejo (€11.40 in chips) 
Seat 5: chusty24 (€11.91 in chips) 
Seat 6: STEAKssss (€10 in chips) 
Enriickk: posts small blind €0.05
pipinoelbreve9: posts big blind €0.10
*** HOLE CARDS ***
Dealt to pipinoelbreve9 [Js As]
mucholejo: folds 
chusty24: folds 
STEAKssss: folds 
pomkuitfromhell: raises €0.15 to €0.25
Enriickk: folds 
pipinoelbreve9: raises €0.95 to €1.20
pomkuitfromhell: folds 
Uncalled bet (€0.95) returned to pipinoelbreve9
pipinoelbreve9 collected €0.55 from pot
pipinoelbreve9: doesn't show hand 
*** SUMMARY ***
Total pot €0.55 | Rake €0 
Seat 1: pomkuitfromhell (button) folded before Flop
Seat 2: Enriickk (small blind) folded before Flop
Seat 3: pipinoelbreve9 (big blind) collected (€0.55)
Seat 4: mucholejo folded before Flop (didn't bet)
Seat 5: chusty24 folded before Flop (didn't bet)
Seat 6: STEAKssss folded before Flop (didn't bet)



PokerStars Zoom Hand #258305613955:  Hold'em No Limit (€0.05/€0.10) - 2025/10/29 11:34:13 CET [2025/10/29 6:34:13 ET]
Table 'Caph' 6-max Seat #1 is the button
Seat 1: ehbraga (€9.70 in chips) 
Seat 2: pipinoelbreve9 (€10.56 in chips) 
Seat 3: MachinegunMama (€50.83 in chips) 
Seat 4: Capital Mental (€9.91 in chips) 
Seat 5: EviL_FeeL (€8.69 in chips) 
Seat 6: Split2902 (€35.79 in chips) 
pipinoelbreve9: posts small blind €0.05
MachinegunMama: posts big blind €0.10
*** HOLE CARDS ***
Dealt to pipinoelbreve9 [3h Ks]
Capital Mental: folds 
EviL_FeeL: folds 
Split2902: folds 
ehbraga: folds 
pipinoelbreve9: folds 
Uncalled bet (€0.05) returned to MachinegunMama
MachinegunMama collected €0.10 from pot
MachinegunMama: doesn't show hand 
*** SUMMARY ***
Total pot €0.10 | Rake €0 
Seat 1: ehbraga (button) folded before Flop (didn't bet)
Seat 2: pipinoelbreve9 (small blind) folded before Flop
Seat 3: MachinegunMama (big blind) collected (€0.10)
Seat 4: Capital Mental folded before Flop (didn't bet)
Seat 5: EviL_FeeL folded before Flop (didn't bet)
Seat 6: Split2902 folded before Flop (didn't bet)



PokerStars Zoom Hand #258305614246:  Hold'em No Limit (€0.05/€0.10) - 2025/10/29 11:34:16 CET [2025/10/29 6:34:16 ET]
Table 'Caph' 6-max Seat #1 is the button
Seat 1: pipinoelbreve9 (€10.51 in chips) 
Seat 2: lagasalahaga (€10 in chips) 
Seat 3: STEAKssss (€10 in chips) 
Seat 4: EviL_FeeL (€8.69 in chips) 
Seat 5: Have2LeaveSpace (€10.31 in chips) 
Seat 6: Waphil10 (€12.38 in chips) 
lagasalahaga: posts small blind €0.05
STEAKssss: posts big blind €0.10
*** HOLE CARDS ***
Dealt to pipinoelbreve9 [4s 5s]
EviL_FeeL: folds 
Have2LeaveSpace: folds 
Waphil10: folds 
pipinoelbreve9: raises €0.15 to €0.25
lagasalahaga: folds 
STEAKssss: calls €0.15
*** FLOP *** [5h Kh Jc]
STEAKssss: checks 
pipinoelbreve9: bets €0.17
STEAKssss: folds 
Uncalled bet (€0.17) returned to pipinoelbreve9
pipinoelbreve9 collected €0.52 from pot
pipinoelbreve9: doesn't show hand 
*** SUMMARY ***
Total pot €0.55 | Rake €0.03 
Board [5h Kh Jc]
Seat 1: pipinoelbreve9 (button) collected (€0.52)
Seat 2: lagasalahaga (small blind) folded before Flop
Seat 3: STEAKssss (big blind) folded on the Flop
Seat 4: EviL_FeeL folded before Flop (didn't bet)
Seat 5: Have2LeaveSpace folded before Flop (didn't bet)
Seat 6: Waphil10 folded before Flop (didn't bet)



PokerStars Zoom Hand #258305617442:  Hold'em No Limit (€0.05/€0.10) - 2025/10/29 11:34:53 CET [2025/10/29 6:34:53 ET]
Table 'Caph' 6-max Seat #1 is the button
Seat 1: Kacyhnkrykwmikx (€10 in chips) 
Seat 2: basukun (€24.86 in chips) 
Seat 3: dariotd (€13.62 in chips) 
Seat 4: chusty24 (€12.16 in chips) 
Seat 5: basurdia (€10 in chips) 
Seat 6: pipinoelbreve9 (€10.78 in chips) 
basukun: posts small blind €0.05
dariotd: posts big blind €0.10
*** HOLE CARDS ***
Dealt to pipinoelbreve9 [Ks Js]
chusty24: folds 
basurdia: folds 
pipinoelbreve9: raises €0.15 to €0.25
Kacyhnkrykwmikx: calls €0.25
basukun: calls €0.20
dariotd: folds 
*** FLOP *** [9d 7s 6h]
basukun: checks 
pipinoelbreve9: checks 
Kacyhnkrykwmikx: bets €0.30
basukun: calls €0.30
pipinoelbreve9: calls €0.30
*** TURN *** [9d 7s 6h] [8c]
basukun: checks 
pipinoelbreve9: checks 
Kacyhnkrykwmikx: checks 
*** RIVER *** [9d 7s 6h 8c] [Kc]
basukun: checks 
pipinoelbreve9: checks 
Kacyhnkrykwmikx: bets €1.66
basukun: folds 
pipinoelbreve9: calls €1.66
*** SHOW DOWN ***
Kacyhnkrykwmikx: shows [Th 8h] (a straight, Six to Ten)
pipinoelbreve9: mucks hand 
Kacyhnkrykwmikx collected €4.82 from pot
*** SUMMARY ***
Total pot €5.07 | Rake €0.25 
Board [9d 7s 6h 8c Kc]
Seat 1: Kacyhnkrykwmikx (button) showed [Th 8h] and won (€4.82) with a straight, Six to Ten
Seat 2: basukun (small blind) folded on the River
Seat 3: dariotd (big blind) folded before Flop
Seat 4: chusty24 folded before Flop (didn't bet)
Seat 5: basurdia folded before Flop (didn't bet)
Seat 6: pipinoelbreve9 mucked [Ks Js]



PokerStars Zoom Hand #258305622100:  Hold'em No Limit (€0.05/€0.10) - 2025/10/29 11:35:44 CET [2025/10/29 6:35:44 ET]
Table 'Caph' 6-max Seat #1 is the button
Seat 1: ehbraga (€9.70 in chips) 
Seat 2: basurdia (€10.05 in chips) 
Seat 3: pokeraxyn (€22.92 in chips) 
Seat 4: pipinoelbreve9 (€10 in chips) 
Seat 5: cumoni (€5.05 in chips) 
Seat 6: Enriickk (€10.20 in chips) 
basurdia: posts small blind €0.05
pokeraxyn: posts big blind €0.10
*** HOLE CARDS ***
Dealt to pipinoelbreve9 [Jc Kc]
pipinoelbreve9: raises €0.15 to €0.25
cumoni: folds 
Enriickk: folds 
ehbraga: folds 
basurdia: folds 
pokeraxyn: folds 
Uncalled bet (€0.15) returned to pipinoelbreve9
pipinoelbreve9 collected €0.25 from pot
pipinoelbreve9: doesn't show hand 
*** SUMMARY ***
Total pot €0.25 | Rake €0 
Seat 1: ehbraga (button) folded before Flop (didn't bet)
Seat 2: basurdia (small blind) folded before Flop
Seat 3: pokeraxyn (big blind) folded before Flop
Seat 4: pipinoelbreve9 collected (€0.25)
Seat 5: cumoni folded before Flop (didn't bet)
Seat 6: Enriickk folded before Flop (didn't bet)



PokerStars Zoom Hand #258305621705:  Hold'em No Limit (€0.05/€0.10) - 2025/10/29 11:35:40 CET [2025/10/29 6:35:40 ET]
Table 'Caph' 6-max Seat #1 is the button
Seat 1: Have2LeaveSpace (€10.78 in chips) 
Seat 2: ibic22 (€10 in chips) 
Seat 3: LUISFIMURIEL (€9.49 in chips) 
Seat 4: pipinoelbreve9 (€10 in chips) 
Seat 5: minyaelen (€10 in chips) 
Seat 6: mucholejo (€11.10 in chips) 
ibic22: posts small blind €0.05
LUISFIMURIEL: posts big blind €0.10
*** HOLE CARDS ***
Dealt to pipinoelbreve9 [7d 4c]
pipinoelbreve9: folds 
minyaelen: folds 
mucholejo: folds 
Have2LeaveSpace: raises €0.15 to €0.25
ibic22: folds 
LUISFIMURIEL: folds 
Uncalled bet (€0.15) returned to Have2LeaveSpace
Have2LeaveSpace collected €0.25 from pot
Have2LeaveSpace: doesn't show hand 
*** SUMMARY ***
Total pot €0.25 | Rake €0 
Seat 1: Have2LeaveSpace (button) collected (€0.25)
Seat 2: ibic22 (small blind) folded before Flop
Seat 3: LUISFIMURIEL (big blind) folded before Flop
Seat 4: pipinoelbreve9 folded before Flop (didn't bet)
Seat 5: minyaelen folded before Flop (didn't bet)
Seat 6: mucholejo folded before Flop (didn't bet)



PokerStars Zoom Hand #258305623368:  Hold'em No Limit (€0.05/€0.10) - 2025/10/29 11:35:59 CET [2025/10/29 6:35:59 ET]
Table 'Caph' 6-max Seat #1 is the button
Seat 1: pipinoelbreve9 (€10.15 in chips) 
Seat 2: minyaelen (€14.43 in chips) 
Seat 3: MachinegunMama (€26.69 in chips) 
Seat 4: Enriickk (€10.61 in chips) 
Seat 5: boubusfo (€9.72 in chips) 
Seat 6: lagasalahaga (€11.67 in chips) 
minyaelen: posts small blind €0.05
MachinegunMama: posts big blind €0.10
*** HOLE CARDS ***
Dealt to pipinoelbreve9 [Jc 7d]
Enriickk: folds 
boubusfo: folds 
lagasalahaga: folds 
pipinoelbreve9: folds 
minyaelen: folds 
Uncalled bet (€0.05) returned to MachinegunMama
MachinegunMama collected €0.10 from pot
MachinegunMama: doesn't show hand 
*** SUMMARY ***
Total pot €0.10 | Rake €0 
Seat 1: pipinoelbreve9 (button) folded before Flop (didn't bet)
Seat 2: minyaelen (small blind) folded before Flop
Seat 3: MachinegunMama (big blind) collected (€0.10)
Seat 4: Enriickk folded before Flop (didn't bet)
Seat 5: boubusfo folded before Flop (didn't bet)
Seat 6: lagasalahaga folded before Flop (didn't bet)



PokerStars Zoom Hand #258305623783:  Hold'em No Limit (€0.05/€0.10) - 2025/10/29 11:36:04 CET [2025/10/29 6:36:04 ET]
Table 'Caph' 6-max Seat #1 is the button
Seat 1: EuLTioBraco (€16.65 in chips) 
Seat 2: pipinoelbreve9 (€10.15 in chips) 
Seat 3: Brun0RDM22 (€10 in chips) 
Seat 4: LUISFIMURIEL (€9.86 in chips) 
Seat 5: Split2902 (€13.99 in chips) 
Seat 6: boubusfo (€9.72 in chips) 
pipinoelbreve9: posts small blind €0.05
Brun0RDM22: posts big blind €0.10
*** HOLE CARDS ***
Dealt to pipinoelbreve9 [6c 9d]
LUISFIMURIEL: folds 
Split2902: folds 
boubusfo: raises €0.20 to €0.30
EuLTioBraco: folds 
pipinoelbreve9: folds 
Brun0RDM22: folds 
Uncalled bet (€0.20) returned to boubusfo
boubusfo collected €0.25 from pot
boubusfo: doesn't show hand 
*** SUMMARY ***
Total pot €0.25 | Rake €0 
Seat 1: EuLTioBraco (button) folded before Flop (didn't bet)
Seat 2: pipinoelbreve9 (small blind) folded before Flop
Seat 3: Brun0RDM22 (big blind) folded before Flop
Seat 4: LUISFIMURIEL folded before Flop (didn't bet)
Seat 5: Split2902 folded before Flop (didn't bet)
Seat 6: boubusfo collected (€0.25)



PokerStars Zoom Hand #258305625713:  Hold'em No Limit (€0.05/€0.10) - 2025/10/29 11:36:25 CET [2025/10/29 6:36:25 ET]
Table 'Caph' 6-max Seat #1 is the button
Seat 1: pomkuitfromhell (€10 in chips) 
Seat 2: olorbudie (€8.78 in chips) 
Seat 3: ibic22 (€10 in chips) 
Seat 4: basurdia (€10.10 in chips) 
Seat 5: pipinoelbreve9 (€10 in chips) 
Seat 6: pokeraxyn (€22.61 in chips) 
olorbudie: posts small blind €0.05
ibic22: posts big blind €0.10
*** HOLE CARDS ***
Dealt to pipinoelbreve9 [As 7h]
basurdia: raises €0.20 to €0.30
pipinoelbreve9: folds 
pokeraxyn: folds 
pomkuitfromhell: folds 
olorbudie: folds 
ibic22: folds 
Uncalled bet (€0.20) returned to basurdia
basurdia collected €0.25 from pot
basurdia: doesn't show hand 
*** SUMMARY ***
Total pot €0.25 | Rake €0 
Seat 1: pomkuitfromhell (button) folded before Flop (didn't bet)
Seat 2: olorbudie (small blind) folded before Flop
Seat 3: ibic22 (big blind) folded before Flop
Seat 4: basurdia collected (€0.25)
Seat 5: pipinoelbreve9 folded before Flop (didn't bet)
Seat 6: pokeraxyn folded before Flop (didn't bet)



PokerStars Zoom Hand #258305624456:  Hold'em No Limit (€0.05/€0.10) - 2025/10/29 11:36:11 CET [2025/10/29 6:36:11 ET]
Table 'Caph' 6-max Seat #1 is the button
Seat 1: chusty24 (€12.01 in chips) 
Seat 2: ricrosas (€5.89 in chips) 
Seat 3: pipinoelbreve9 (€10.10 in chips) 
Seat 4: Have2LeaveSpace (€10.93 in chips) 
Seat 5: jayKOdee (€18.41 in chips) 
Seat 6: fAAQQndo17 (€10 in chips) 
ricrosas: posts small blind €0.05
pipinoelbreve9: posts big blind €0.10
*** HOLE CARDS ***
Dealt to pipinoelbreve9 [9c 6h]
Have2LeaveSpace: folds 
jayKOdee: raises €0.20 to €0.30
fAAQQndo17: calls €0.30
chusty24: folds 
ricrosas: folds 
pipinoelbreve9: folds 
*** FLOP *** [Tc As 7c]
jayKOdee: checks 
fAAQQndo17: checks 
*** TURN *** [Tc As 7c] [Ad]
jayKOdee: checks 
fAAQQndo17: checks 
*** RIVER *** [Tc As 7c Ad] [7h]
jayKOdee: checks 
fAAQQndo17: checks 
*** SHOW DOWN ***
jayKOdee: shows [2s 2h] (two pair, Aces and Sevens)
fAAQQndo17: shows [5c 5s] (two pair, Aces and Sevens)
jayKOdee collected €0.36 from pot
fAAQQndo17 collected €0.35 from pot
*** SUMMARY ***
Total pot €0.75 | Rake €0.04 
Board [Tc As 7c Ad 7h]
Seat 1: chusty24 (button) folded before Flop (didn't bet)
Seat 2: ricrosas (small blind) folded before Flop
Seat 3: pipinoelbreve9 (big blind) folded before Flop
Seat 4: Have2LeaveSpace folded before Flop (didn't bet)
Seat 5: jayKOdee showed [2s 2h] and won (€0.36) with two pair, Aces and Sevens
Seat 6: fAAQQndo17 showed [5c 5s] and won (€0.35) with two pair, Aces and Sevens



PokerStars Zoom Hand #258305626318:  Hold'em No Limit (€0.05/€0.10) - 2025/10/29 11:36:31 CET [2025/10/29 6:36:31 ET]
Table 'Caph' 6-max Seat #1 is the button
Seat 1: timypt13 (€4.70 in chips) 
Seat 2: lagasalahaga (€11.67 in chips) 
Seat 3: chusty24 (€13.07 in chips) 
Seat 4: MachinegunMama (€26.74 in chips) 
Seat 5: SauceConfiance (€8.22 in chips) 
Seat 6: pipinoelbreve9 (€10 in chips) 
lagasalahaga: posts small blind €0.05
chusty24: posts big blind €0.10
*** HOLE CARDS ***
Dealt to pipinoelbreve9 [6d 7h]
MachinegunMama: raises €0.20 to €0.30
SauceConfiance: folds 
pipinoelbreve9: folds 
timypt13: calls €0.30
lagasalahaga: folds 
chusty24: folds 
*** FLOP *** [7d 8d 4s]
MachinegunMama: checks 
timypt13: bets €0.50
MachinegunMama: calls €0.50
*** TURN *** [7d 8d 4s] [3h]
MachinegunMama: checks 
timypt13: bets €0.90
MachinegunMama: folds 
Uncalled bet (€0.90) returned to timypt13
timypt13 collected €1.66 from pot
timypt13: doesn't show hand 
*** SUMMARY ***
Total pot €1.75 | Rake €0.09 
Board [7d 8d 4s 3h]
Seat 1: timypt13 (button) collected (€1.66)
Seat 2: lagasalahaga (small blind) folded before Flop
Seat 3: chusty24 (big blind) folded before Flop
Seat 4: MachinegunMama folded on the Turn
Seat 5: SauceConfiance folded before Flop (didn't bet)
Seat 6: pipinoelbreve9 folded before Flop (didn't bet)



PokerStars Zoom Hand #258305627114:  Hold'em No Limit (€0.05/€0.10) - 2025/10/29 11:36:40 CET [2025/10/29 6:36:40 ET]
Table 'Caph' 6-max Seat #1 is the button
Seat 1: pokeraxyn (€14.69 in chips) 
Seat 2: pipinoelbreve9 (€10 in chips) 
Seat 3: ViktorPort (€8 in chips) 
Seat 4: fofitek89 (€13.59 in chips) 
Seat 5: LUISFIMURIEL (€9.48 in chips) 
Seat 6: basurdia (€10.25 in chips) 
pipinoelbreve9: posts small blind €0.05
ViktorPort: posts big blind €0.10
*** HOLE CARDS ***
Dealt to pipinoelbreve9 [Ah 8h]
fofitek89: folds 
LUISFIMURIEL: folds 
basurdia: raises €0.20 to €0.30
pokeraxyn: folds 
pipinoelbreve9: raises €0.70 to €1
ViktorPort: raises €7 to €8 and is all-in
basurdia: raises €2.25 to €10.25 and is all-in
pipinoelbreve9: folds 
Uncalled bet (€2.25) returned to basurdia
*** FLOP *** [6c 8c Tc]
*** TURN *** [6c 8c Tc] [4s]
*** RIVER *** [6c 8c Tc 4s] [Jc]
*** SHOW DOWN ***
ViktorPort: shows [Kc Ks] (a flush, King high)
basurdia: shows [Kh As] (high card Ace)
ViktorPort collected €16.15 from pot
*** SUMMARY ***
Total pot €17 | Rake €0.85 
Board [6c 8c Tc 4s Jc]
Seat 1: pokeraxyn (button) folded before Flop (didn't bet)
Seat 2: pipinoelbreve9 (small blind) folded before Flop
Seat 3: ViktorPort (big blind) showed [Kc Ks] and won (€16.15) with a flush, King high
Seat 4: fofitek89 folded before Flop (didn't bet)
Seat 5: LUISFIMURIEL folded before Flop (didn't bet)
Seat 6: basurdia showed [Kh As] and lost with high card Ace



PokerStars Zoom Hand #258305629807:  Hold'em No Limit (€0.05/€0.10) - 2025/10/29 11:37:09 CET [2025/10/29 6:37:09 ET]
Table 'Caph' 6-max Seat #1 is the button
Seat 1: pipinoelbreve9 (€10 in chips) 
Seat 2: Waphil10 (€13.84 in chips) 
Seat 3: Split2902 (€38.04 in chips) 
Seat 4: Enriickk (€19.60 in chips) 
Seat 5: iamngfs (€10.48 in chips) 
Seat 6: minyaelen (€10.25 in chips) 
Waphil10: posts small blind €0.05
Split2902: posts big blind €0.10
*** HOLE CARDS ***
Dealt to pipinoelbreve9 [9c Jc]
Enriickk: folds 
iamngfs: folds 
minyaelen: raises €0.12 to €0.22
pipinoelbreve9: folds 
Waphil10: folds 
Split2902: folds 
Uncalled bet (€0.12) returned to minyaelen
minyaelen collected €0.25 from pot
minyaelen: doesn't show hand 
*** SUMMARY ***
Total pot €0.25 | Rake €0 
Seat 1: pipinoelbreve9 (button) folded before Flop (didn't bet)
Seat 2: Waphil10 (small blind) folded before Flop
Seat 3: Split2902 (big blind) folded before Flop
Seat 4: Enriickk folded before Flop (didn't bet)
Seat 5: iamngfs folded before Flop (didn't bet)
Seat 6: minyaelen collected (€0.25)



PokerStars Zoom Hand #258305631738:  Hold'em No Limit (€0.05/€0.10) - 2025/10/29 11:37:31 CET [2025/10/29 6:37:31 ET]
Table 'Caph' 6-max Seat #1 is the button
Seat 1: Enriickk (€10.15 in chips) 
Seat 2: gregoss054 (€13.43 in chips) 
Seat 3: mucholejo (€9.95 in chips) 
Seat 4: Kacyhnkrykwmikx (€21.55 in chips) 
Seat 5: pipinoelbreve9 (€10 in chips) 
Seat 6: Split2902 (€37.94 in chips) 
gregoss054: posts small blind €0.05
mucholejo: posts big blind €0.10
*** HOLE CARDS ***
Dealt to pipinoelbreve9 [6c Ad]
Kacyhnkrykwmikx: folds 
pipinoelbreve9: folds 
Split2902: folds 
Enriickk: raises €0.15 to €0.25
gregoss054: folds 
mucholejo: folds 
Uncalled bet (€0.15) returned to Enriickk
Enriickk collected €0.25 from pot
Enriickk: doesn't show hand 
*** SUMMARY ***
Total pot €0.25 | Rake €0 
Seat 1: Enriickk (button) collected (€0.25)
Seat 2: gregoss054 (small blind) folded before Flop
Seat 3: mucholejo (big blind) folded before Flop
Seat 4: Kacyhnkrykwmikx folded before Flop (didn't bet)
Seat 5: pipinoelbreve9 folded before Flop (didn't bet)
Seat 6: Split2902 folded before Flop (didn't bet)



PokerStars Zoom Hand #258305626666:  Hold'em No Limit (€0.05/€0.10) - 2025/10/29 11:36:35 CET [2025/10/29 6:36:35 ET]
Table 'Caph' 6-max Seat #1 is the button
Seat 1: iamngfs (€10.63 in chips) 
Seat 2: LUISFIMURIEL (€9.53 in chips) 
Seat 3: Split2902 (€13.69 in chips) 
Seat 4: pipinoelbreve9 (€10 in chips) 
Seat 5: ibic22 (€10 in chips) 
Seat 6: Have2LeaveSpace (€13.19 in chips) 
LUISFIMURIEL: posts small blind €0.05
Split2902: posts big blind €0.10
*** HOLE CARDS ***
Dealt to pipinoelbreve9 [Ac 7s]
pipinoelbreve9: folds 
ibic22: folds 
Have2LeaveSpace: raises €0.13 to €0.23
iamngfs: folds 
LUISFIMURIEL: folds 
Split2902: calls €0.13
*** FLOP *** [3d 7c 8c]
Split2902: checks 
Have2LeaveSpace: bets €0.16
Split2902: calls €0.16
*** TURN *** [3d 7c 8c] [Kh]
Split2902: checks 
Have2LeaveSpace: checks 
*** RIVER *** [3d 7c 8c Kh] [8s]
Split2902: bets €0.59
Have2LeaveSpace: raises €2.23 to €2.82
Split2902: folds 
Uncalled bet (€2.23) returned to Have2LeaveSpace
Have2LeaveSpace collected €1.91 from pot
Have2LeaveSpace: doesn't show hand 
*** SUMMARY ***
Total pot €2.01 | Rake €0.10 
Board [3d 7c 8c Kh 8s]
Seat 1: iamngfs (button) folded before Flop (didn't bet)
Seat 2: LUISFIMURIEL (small blind) folded before Flop
Seat 3: Split2902 (big blind) folded on the River
Seat 4: pipinoelbreve9 folded before Flop (didn't bet)
Seat 5: ibic22 folded before Flop (didn't bet)
Seat 6: Have2LeaveSpace collected (€1.91)



PokerStars Zoom Hand #258305630785:  Hold'em No Limit (€0.05/€0.10) - 2025/10/29 11:37:20 CET [2025/10/29 6:37:20 ET]
Table 'Caph' 6-max Seat #1 is the button
Seat 1: ViktorPort (€16.10 in chips) 
Seat 2: mucholejo (€24.08 in chips) 
Seat 3: pipinoelbreve9 (€10 in chips) 
Seat 4: fAAQQndo17 (€10.43 in chips) 
Seat 5: pokeraxyn (€17.11 in chips) 
Seat 6: Kacyhnkrykwmikx (€21.55 in chips) 
mucholejo: posts small blind €0.05
pipinoelbreve9: posts big blind €0.10
*** HOLE CARDS ***
Dealt to pipinoelbreve9 [2c 3h]
fAAQQndo17: folds 
pokeraxyn: raises €0.11 to €0.21
Kacyhnkrykwmikx: folds 
ViktorPort: calls €0.21
mucholejo: folds 
pipinoelbreve9: folds 
*** FLOP *** [3c 7h Ts]
pokeraxyn: checks 
ViktorPort: bets €0.30
pokeraxyn: calls €0.30
*** TURN *** [3c 7h Ts] [9h]
pokeraxyn: checks 
ViktorPort: bets €0.40
pokeraxyn: raises €1.05 to €1.45
ViktorPort: folds 
Uncalled bet (€1.05) returned to pokeraxyn
pokeraxyn collected €1.87 from pot
pokeraxyn: doesn't show hand 
*** SUMMARY ***
Total pot €1.97 | Rake €0.10 
Board [3c 7h Ts 9h]
Seat 1: ViktorPort (button) folded on the Turn
Seat 2: mucholejo (small blind) folded before Flop
Seat 3: pipinoelbreve9 (big blind) folded before Flop
Seat 4: fAAQQndo17 folded before Flop (didn't bet)
Seat 5: pokeraxyn collected (€1.87)
Seat 6: Kacyhnkrykwmikx folded before Flop (didn't bet)



PokerStars Zoom Hand #258305631384:  Hold'em No Limit (€0.05/€0.10) - 2025/10/29 11:37:27 CET [2025/10/29 6:37:27 ET]
Table 'Caph' 6-max Seat #1 is the button
Seat 1: minyaelen (€10.40 in chips) 
Seat 2: JRG244 (€16.61 in chips) 
Seat 3: darksno (€16.24 in chips) 
Seat 4: Enriickk (€10.97 in chips) 
Seat 5: Kacyhnkrykwmikx (€21.55 in chips) 
Seat 6: pipinoelbreve9 (€10 in chips) 
JRG244: posts small blind €0.05
darksno: posts big blind €0.10
*** HOLE CARDS ***
Dealt to pipinoelbreve9 [8d 5h]
Enriickk: folds 
Kacyhnkrykwmikx: folds 
pipinoelbreve9: folds 
minyaelen: folds 
JRG244: raises €0.20 to €0.30
darksno: calls €0.20
*** FLOP *** [7h As 2d]
JRG244: checks 
darksno: checks 
*** TURN *** [7h As 2d] [5c]
JRG244: bets €0.29
darksno: folds 
Uncalled bet (€0.29) returned to JRG244
JRG244 collected €0.57 from pot
JRG244: doesn't show hand 
*** SUMMARY ***
Total pot €0.60 | Rake €0.03 
Board [7h As 2d 5c]
Seat 1: minyaelen (button) folded before Flop (didn't bet)
Seat 2: JRG244 (small blind) collected (€0.57)
Seat 3: darksno (big blind) folded on the Turn
Seat 4: Enriickk folded before Flop (didn't bet)
Seat 5: Kacyhnkrykwmikx folded before Flop (didn't bet)
Seat 6: pipinoelbreve9 folded before Flop (didn't bet)



PokerStars Zoom Hand #258305632188:  Hold'em No Limit (€0.05/€0.10) - 2025/10/29 11:37:35 CET [2025/10/29 6:37:35 ET]
Table 'Caph' 6-max Seat #1 is the button
Seat 1: pipinoelbreve9 (€10 in chips) 
Seat 2: basukun (€10 in chips) 
Seat 3: ricrosas (€5.84 in chips) 
Seat 4: minyaelen (€10 in chips) 
Seat 5: boubusfo (€10.04 in chips) 
Seat 6: SauceConfiance (€8.07 in chips) 
basukun: posts small blind €0.05
ricrosas: posts big blind €0.10
*** HOLE CARDS ***
Dealt to pipinoelbreve9 [5s 6s]
minyaelen: folds 
boubusfo: raises €0.20 to €0.30
SauceConfiance: calls €0.30
pipinoelbreve9: raises €0.90 to €1.20
basukun: folds 
ricrosas: folds 
boubusfo: folds 
SauceConfiance: folds 
Uncalled bet (€0.90) returned to pipinoelbreve9
pipinoelbreve9 collected €1.05 from pot
pipinoelbreve9: doesn't show hand 
*** SUMMARY ***
Total pot €1.05 | Rake €0 
Seat 1: pipinoelbreve9 (button) collected (€1.05)
Seat 2: basukun (small blind) folded before Flop
Seat 3: ricrosas (big blind) folded before Flop
Seat 4: minyaelen folded before Flop (didn't bet)
Seat 5: boubusfo folded before Flop
Seat 6: SauceConfiance folded before Flop



PokerStars Zoom Hand #258307322974:  Hold'em No Limit (€0.05/€0.10) - 2025/10/29 15:42:55 CET [2025/10/29 10:42:55 ET]
Table 'Caph' 6-max Seat #1 is the button
Seat 1: 22091981. (€17.72 in chips) 
Seat 2: Ivangennaro (€29.60 in chips) 
Seat 3: pipinoelbreve9 (€10 in chips) 
Seat 4: marcosamunt (€11.28 in chips) 
Seat 5: GiLSteel (€10.93 in chips) 
Seat 6: basurdia (€10.32 in chips) 
Ivangennaro: posts small blind €0.05
pipinoelbreve9: posts big blind €0.10
*** HOLE CARDS ***
Dealt to pipinoelbreve9 [8h 9d]
marcosamunt: folds 
GiLSteel: folds 
basurdia: folds 
22091981.: folds 
Ivangennaro: raises €0.20 to €0.30
pipinoelbreve9: calls €0.20
*** FLOP *** [Kd 9s Tc]
Ivangennaro: checks 
pipinoelbreve9: checks 
*** TURN *** [Kd 9s Tc] [Jd]
Ivangennaro: checks 
pipinoelbreve9: bets €0.38
Ivangennaro: folds 
Uncalled bet (€0.38) returned to pipinoelbreve9
pipinoelbreve9 collected €0.57 from pot
pipinoelbreve9: doesn't show hand 
*** SUMMARY ***
Total pot €0.60 | Rake €0.03 
Board [Kd 9s Tc Jd]
Seat 1: 22091981. (button) folded before Flop (didn't bet)
Seat 2: Ivangennaro (small blind) folded on the Turn
Seat 3: pipinoelbreve9 (big blind) collected (€0.57)
Seat 4: marcosamunt folded before Flop (didn't bet)
Seat 5: GiLSteel folded before Flop (didn't bet)
Seat 6: basurdia folded before Flop (didn't bet)



PokerStars Zoom Hand #258307328095:  Hold'em No Limit (€0.05/€0.10) - 2025/10/29 15:43:29 CET [2025/10/29 10:43:29 ET]
Table 'Caph' 6-max Seat #1 is the button
Seat 1: iurii machushak (€10 in chips) 
Seat 2: basurdia (€10.52 in chips) 
Seat 3: Ivangennaro (€34.50 in chips) 
Seat 4: pipinoelbreve9 (€10.27 in chips) 
Seat 5: olorbudie (€1.87 in chips) 
Seat 6: willywon221 (€17.90 in chips) 
basurdia: posts small blind €0.05
Ivangennaro: posts big blind €0.10
*** HOLE CARDS ***
Dealt to pipinoelbreve9 [Jd Kc]
pipinoelbreve9: raises €0.15 to €0.25
olorbudie: raises €1.62 to €1.87 and is all-in
willywon221: folds 
iurii machushak: folds 
basurdia: folds 
Ivangennaro: folds 
pipinoelbreve9: folds 
Uncalled bet (€1.62) returned to olorbudie
olorbudie collected €0.65 from pot
olorbudie: doesn't show hand 
*** SUMMARY ***
Total pot €0.65 | Rake €0 
Seat 1: iurii machushak (button) folded before Flop (didn't bet)
Seat 2: basurdia (small blind) folded before Flop
Seat 3: Ivangennaro (big blind) folded before Flop
Seat 4: pipinoelbreve9 folded before Flop
Seat 5: olorbudie collected (€0.65)
Seat 6: willywon221 folded before Flop (didn't bet)



PokerStars Zoom Hand #258307331446:  Hold'em No Limit (€0.05/€0.10) - 2025/10/29 15:43:51 CET [2025/10/29 10:43:51 ET]
Table 'Caph' 6-max Seat #1 is the button
Seat 1: pipinoelbreve9 (€10 in chips) 
Seat 2: sylbern25 (€5.34 in chips) 
Seat 3: iurii machushak (€10 in chips) 
Seat 4: martine4839 (€23.56 in chips) 
Seat 5: Pabley27 (€11.34 in chips) 
Seat 6: basurdia (€10.32 in chips) 
sylbern25: posts small blind €0.05
iurii machushak: posts big blind €0.10
*** HOLE CARDS ***
Dealt to pipinoelbreve9 [4d 3d]
martine4839: folds 
Pabley27: folds 
basurdia: raises €0.20 to €0.30
pipinoelbreve9: folds 
sylbern25: folds 
iurii machushak: folds 
Uncalled bet (€0.20) returned to basurdia
basurdia collected €0.25 from pot
basurdia: doesn't show hand 
*** SUMMARY ***
Total pot €0.25 | Rake €0 
Seat 1: pipinoelbreve9 (button) folded before Flop (didn't bet)
Seat 2: sylbern25 (small blind) folded before Flop
Seat 3: iurii machushak (big blind) folded before Flop
Seat 4: martine4839 folded before Flop (didn't bet)
Seat 5: Pabley27 folded before Flop (didn't bet)
Seat 6: basurdia collected (€0.25)



PokerStars Zoom Hand #258307330730:  Hold'em No Limit (€0.05/€0.10) - 2025/10/29 15:43:47 CET [2025/10/29 10:43:47 ET]
Table 'Caph' 6-max Seat #1 is the button
Seat 1: HPforever65 (€7.96 in chips) 
Seat 2: pipinoelbreve9 (€10.02 in chips) 
Seat 3: AbB100 (€11.43 in chips) 
Seat 4: iurii machushak (€10 in chips) 
Seat 5: Ivangennaro (€29.35 in chips) 
Seat 6: joe.hotmail. (€4.75 in chips) 
pipinoelbreve9: posts small blind €0.05
AbB100: posts big blind €0.10
*** HOLE CARDS ***
Dealt to pipinoelbreve9 [Jc 5d]
iurii machushak: folds 
Ivangennaro: folds 
joe.hotmail.: folds 
HPforever65: raises €7.86 to €7.96 and is all-in
pipinoelbreve9: folds 
AbB100: folds 
Uncalled bet (€7.86) returned to HPforever65
HPforever65 collected €0.25 from pot
HPforever65: doesn't show hand 
*** SUMMARY ***
Total pot €0.25 | Rake €0 
Seat 1: HPforever65 (button) collected (€0.25)
Seat 2: pipinoelbreve9 (small blind) folded before Flop
Seat 3: AbB100 (big blind) folded before Flop
Seat 4: iurii machushak folded before Flop (didn't bet)
Seat 5: Ivangennaro folded before Flop (didn't bet)
Seat 6: joe.hotmail. folded before Flop (didn't bet)



PokerStars Zoom Hand #258307332092:  Hold'em No Limit (€0.05/€0.10) - 2025/10/29 15:43:55 CET [2025/10/29 10:43:55 ET]
Table 'Caph' 6-max Seat #1 is the button
Seat 1: Ivangds15 (€11.09 in chips) 
Seat 2: Creativ93 (€15.66 in chips) 
Seat 3: sylbern25 (€5.29 in chips) 
Seat 4: Pabley27 (€11.34 in chips) 
Seat 5: willywon221 (€17.80 in chips) 
Seat 6: pipinoelbreve9 (€10 in chips) 
Creativ93: posts small blind €0.05
sylbern25: posts big blind €0.10
*** HOLE CARDS ***
Dealt to pipinoelbreve9 [8c Td]
Pabley27: folds 
willywon221: folds 
pipinoelbreve9: folds 
Ivangds15: raises €0.15 to €0.25
Creativ93: folds 
sylbern25: folds 
Uncalled bet (€0.15) returned to Ivangds15
Ivangds15 collected €0.25 from pot
Ivangds15: doesn't show hand 
*** SUMMARY ***
Total pot €0.25 | Rake €0 
Seat 1: Ivangds15 (button) collected (€0.25)
Seat 2: Creativ93 (small blind) folded before Flop
Seat 3: sylbern25 (big blind) folded before Flop
Seat 4: Pabley27 folded before Flop (didn't bet)
Seat 5: willywon221 folded before Flop (didn't bet)
Seat 6: pipinoelbreve9 folded before Flop (didn't bet)



PokerStars Zoom Hand #258307333036:  Hold'em No Limit (€0.05/€0.10) - 2025/10/29 15:44:02 CET [2025/10/29 10:44:02 ET]
Table 'Caph' 6-max Seat #1 is the button
Seat 1: pipinoelbreve9 (€10 in chips) 
Seat 2: willywon221 (€17.80 in chips) 
Seat 3: GiLSteel (€10.47 in chips) 
Seat 4: dariotd (€14.91 in chips) 
Seat 5: NAlexandru22 (€10.40 in chips) 
Seat 6: Ivangennaro (€29.30 in chips) 
willywon221: posts small blind €0.05
GiLSteel: posts big blind €0.10
*** HOLE CARDS ***
Dealt to pipinoelbreve9 [Ks 6h]
dariotd: folds 
NAlexandru22: folds 
Ivangennaro: folds 
pipinoelbreve9: folds 
willywon221: folds 
Uncalled bet (€0.05) returned to GiLSteel
GiLSteel collected €0.10 from pot
GiLSteel: doesn't show hand 
*** SUMMARY ***
Total pot €0.10 | Rake €0 
Seat 1: pipinoelbreve9 (button) folded before Flop (didn't bet)
Seat 2: willywon221 (small blind) folded before Flop
Seat 3: GiLSteel (big blind) collected (€0.10)
Seat 4: dariotd folded before Flop (didn't bet)
Seat 5: NAlexandru22 folded before Flop (didn't bet)
Seat 6: Ivangennaro folded before Flop (didn't bet)



PokerStars Zoom Hand #258307334604:  Hold'em No Limit (€0.05/€0.10) - 2025/10/29 15:44:13 CET [2025/10/29 10:44:13 ET]
Table 'Caph' 6-max Seat #1 is the button
Seat 1: P. Borba7 (€10.75 in chips) 
Seat 2: trevel2727 (€4.55 in chips) 
Seat 3: pipinoelbreve9 (€10 in chips) 
Seat 4: willywon221 (€17.75 in chips) 
Seat 5: Golmar98 (€43.87 in chips) 
Seat 6: NAlexandru22 (€10.40 in chips) 
trevel2727: posts small blind €0.05
pipinoelbreve9: posts big blind €0.10
*** HOLE CARDS ***
Dealt to pipinoelbreve9 [2s 9s]
willywon221: folds 
Golmar98: raises €0.30 to €0.40
NAlexandru22: folds 
P. Borba7: folds 
trevel2727: folds 
pipinoelbreve9: folds 
Uncalled bet (€0.30) returned to Golmar98
Golmar98 collected €0.25 from pot
Golmar98: doesn't show hand 
*** SUMMARY ***
Total pot €0.25 | Rake €0 
Seat 1: P. Borba7 (button) folded before Flop (didn't bet)
Seat 2: trevel2727 (small blind) folded before Flop
Seat 3: pipinoelbreve9 (big blind) folded before Flop
Seat 4: willywon221 folded before Flop (didn't bet)
Seat 5: Golmar98 collected (€0.25)
Seat 6: NAlexandru22 folded before Flop (didn't bet)



PokerStars Zoom Hand #258307334164:  Hold'em No Limit (€0.05/€0.10) - 2025/10/29 15:44:10 CET [2025/10/29 10:44:10 ET]
Table 'Caph' 6-max Seat #1 is the button
Seat 1: sylbern25 (€5.19 in chips) 
Seat 2: willywon221 (€22.80 in chips) 
Seat 3: xaratax (€30.17 in chips) 
Seat 4: guitalex (€11.68 in chips) 
Seat 5: pipinoelbreve9 (€10 in chips) 
Seat 6: Necada15 (€7.38 in chips) 
willywon221: posts small blind €0.05
xaratax: posts big blind €0.10
*** HOLE CARDS ***
Dealt to pipinoelbreve9 [Jh 6d]
guitalex: folds 
pipinoelbreve9: folds 
Necada15: folds 
sylbern25: calls €0.10
willywon221: folds 
xaratax: checks 
*** FLOP *** [6c 7d 4d]
xaratax: checks 
sylbern25: checks 
*** TURN *** [6c 7d 4d] [Ac]
xaratax: checks 
sylbern25: checks 
*** RIVER *** [6c 7d 4d Ac] [Ts]
xaratax: checks 
sylbern25: checks 
*** SHOW DOWN ***
xaratax: shows [Js 3s] (high card Ace)
sylbern25: shows [Jd Kc] (high card Ace - King kicker)
sylbern25 collected €0.24 from pot
*** SUMMARY ***
Total pot €0.25 | Rake €0.01 
Board [6c 7d 4d Ac Ts]
Seat 1: sylbern25 (button) showed [Jd Kc] and won (€0.24) with high card Ace
Seat 2: willywon221 (small blind) folded before Flop
Seat 3: xaratax (big blind) showed [Js 3s] and lost with high card Ace
Seat 4: guitalex folded before Flop (didn't bet)
Seat 5: pipinoelbreve9 folded before Flop (didn't bet)
Seat 6: Necada15 folded before Flop (didn't bet)



PokerStars Zoom Hand #258307335374:  Hold'em No Limit (€0.05/€0.10) - 2025/10/29 15:44:18 CET [2025/10/29 10:44:18 ET]
Table 'Caph' 6-max Seat #1 is the button
Seat 1: pomkuitfromhell (€10 in chips) 
Seat 2: iurii machushak (€10 in chips) 
Seat 3: P. Borba7 (€10.75 in chips) 
Seat 4: KinkyBwoy_1 (€6.11 in chips) 
Seat 5: FranciscoEvoraa (€10 in chips) 
Seat 6: pipinoelbreve9 (€10 in chips) 
iurii machushak: posts small blind €0.05
P. Borba7: posts big blind €0.10
*** HOLE CARDS ***
Dealt to pipinoelbreve9 [4s 4h]
KinkyBwoy_1: folds 
FranciscoEvoraa: folds 
pipinoelbreve9: raises €0.15 to €0.25
pomkuitfromhell: raises €0.50 to €0.75
iurii machushak: folds 
P. Borba7: calls €0.65
pipinoelbreve9: calls €0.50
*** FLOP *** [3s 7h 3h]
P. Borba7: checks 
pipinoelbreve9: checks 
pomkuitfromhell: bets €0.90
P. Borba7: calls €0.90
pipinoelbreve9: folds 
*** TURN *** [3s 7h 3h] [8d]
P. Borba7: checks 
pomkuitfromhell: bets €2.57
P. Borba7: calls €2.57
*** RIVER *** [3s 7h 3h 8d] [Tc]
P. Borba7: checks 
pomkuitfromhell: checks 
*** SHOW DOWN ***
P. Borba7: shows [Js Jh] (two pair, Jacks and Threes)
pomkuitfromhell: mucks hand 
P. Borba7 collected €8.78 from pot
*** SUMMARY ***
Total pot €9.24 | Rake €0.46 
Board [3s 7h 3h 8d Tc]
Seat 1: pomkuitfromhell (button) mucked [6h Kh]
Seat 2: iurii machushak (small blind) folded before Flop
Seat 3: P. Borba7 (big blind) showed [Js Jh] and won (€8.78) with two pair, Jacks and Threes
Seat 4: KinkyBwoy_1 folded before Flop (didn't bet)
Seat 5: FranciscoEvoraa folded before Flop (didn't bet)
Seat 6: pipinoelbreve9 folded on the Flop



PokerStars Zoom Hand #258307342282:  Hold'em No Limit (€0.05/€0.10) - 2025/10/29 15:45:03 CET [2025/10/29 10:45:03 ET]
Table 'Caph' 6-max Seat #1 is the button
Seat 1: BBGary19 (€12.82 in chips) 
Seat 2: pipinoelbreve9 (€10 in chips) 
Seat 3: Pabley27 (€11.55 in chips) 
Seat 4: trevel2727 (€5.61 in chips) 
Seat 5: pomkuitfromhell (€10 in chips) 
Seat 6: tILtado (€11.71 in chips) 
pipinoelbreve9: posts small blind €0.05
Pabley27: posts big blind €0.10
*** HOLE CARDS ***
Dealt to pipinoelbreve9 [Ac 6s]
trevel2727: folds 
pomkuitfromhell: folds 
tILtado: raises €0.10 to €0.20
BBGary19: folds 
pipinoelbreve9: folds 
Pabley27: folds 
Uncalled bet (€0.10) returned to tILtado
tILtado collected €0.25 from pot
tILtado: doesn't show hand 
*** SUMMARY ***
Total pot €0.25 | Rake €0 
Seat 1: BBGary19 (button) folded before Flop (didn't bet)
Seat 2: pipinoelbreve9 (small blind) folded before Flop
Seat 3: Pabley27 (big blind) folded before Flop
Seat 4: trevel2727 folded before Flop (didn't bet)
Seat 5: pomkuitfromhell folded before Flop (didn't bet)
Seat 6: tILtado collected (€0.25)



PokerStars Zoom Hand #258307345996:  Hold'em No Limit (€0.05/€0.10) - 2025/10/29 15:45:27 CET [2025/10/29 10:45:27 ET]
Table 'Caph' 6-max Seat #1 is the button
Seat 1: marcosamunt (€10.63 in chips) 
Seat 2: Ivangennaro (€28.12 in chips) 
Seat 3: RoFic (€21.16 in chips) 
Seat 4: PSG7527 (€9.33 in chips) 
Seat 5: trevel2727 (€5.94 in chips) 
Seat 6: pipinoelbreve9 (€10 in chips) 
Ivangennaro: posts small blind €0.05
RoFic: posts big blind €0.10
*** HOLE CARDS ***
Dealt to pipinoelbreve9 [3c Ts]
PSG7527: folds 
trevel2727: folds 
pipinoelbreve9: folds 
marcosamunt: folds 
Ivangennaro: folds 
Uncalled bet (€0.05) returned to RoFic
RoFic collected €0.10 from pot
RoFic: doesn't show hand 
*** SUMMARY ***
Total pot €0.10 | Rake €0 
Seat 1: marcosamunt (button) folded before Flop (didn't bet)
Seat 2: Ivangennaro (small blind) folded before Flop
Seat 3: RoFic (big blind) collected (€0.10)
Seat 4: PSG7527 folded before Flop (didn't bet)
Seat 5: trevel2727 folded before Flop (didn't bet)
Seat 6: pipinoelbreve9 folded before Flop (didn't bet)



PokerStars Zoom Hand #258307346916:  Hold'em No Limit (€0.05/€0.10) - 2025/10/29 15:45:33 CET [2025/10/29 10:45:33 ET]
Table 'Caph' 6-max Seat #1 is the button
Seat 1: Ivangds15 (€10.10 in chips) 
Seat 2: joe.hotmail. (€3.25 in chips) 
Seat 3: jayKOdee (€10 in chips) 
Seat 4: NAlexandru22 (€9.35 in chips) 
Seat 5: pipinoelbreve9 (€10 in chips) 
Seat 6: PSG7527 (€9.33 in chips) 
joe.hotmail.: posts small blind €0.05
jayKOdee: posts big blind €0.10
*** HOLE CARDS ***
Dealt to pipinoelbreve9 [5c 9c]
NAlexandru22: folds 
pipinoelbreve9: folds 
PSG7527: folds 
Ivangds15: folds 
joe.hotmail.: raises €3.15 to €3.25 and is all-in
jayKOdee: folds 
Uncalled bet (€3.15) returned to joe.hotmail.
joe.hotmail. collected €0.20 from pot
joe.hotmail.: doesn't show hand 
*** SUMMARY ***
Total pot €0.20 | Rake €0 
Seat 1: Ivangds15 (button) folded before Flop (didn't bet)
Seat 2: joe.hotmail. (small blind) collected (€0.20)
Seat 3: jayKOdee (big blind) folded before Flop
Seat 4: NAlexandru22 folded before Flop (didn't bet)
Seat 5: pipinoelbreve9 folded before Flop (didn't bet)
Seat 6: PSG7527 folded before Flop (didn't bet)



PokerStars Zoom Hand #258307345406:  Hold'em No Limit (€0.05/€0.10) - 2025/10/29 15:45:23 CET [2025/10/29 10:45:23 ET]
Table 'Caph' 6-max Seat #1 is the button
Seat 1: Ivangennaro (€33.90 in chips) 
Seat 2: willywon221 (€9.15 in chips) 
Seat 3: Cristian9096 (€8 in chips) 
Seat 4: pipinoelbreve9 (€10 in chips) 
Seat 5: trevel2727 (€4.50 in chips) 
Seat 6: P. Borba7 (€15.31 in chips) 
willywon221: posts small blind €0.05
Cristian9096: posts big blind €0.10
*** HOLE CARDS ***
Dealt to pipinoelbreve9 [2d Jd]
pipinoelbreve9: folds 
trevel2727: folds 
P. Borba7: raises €0.15 to €0.25
Ivangennaro: folds 
willywon221: folds 
Cristian9096: calls €0.15
*** FLOP *** [Kd 4s 5d]
Cristian9096: checks 
P. Borba7: bets €0.17
Cristian9096: folds 
Uncalled bet (€0.17) returned to P. Borba7
P. Borba7 collected €0.52 from pot
P. Borba7: doesn't show hand 
*** SUMMARY ***
Total pot €0.55 | Rake €0.03 
Board [Kd 4s 5d]
Seat 1: Ivangennaro (button) folded before Flop (didn't bet)
Seat 2: willywon221 (small blind) folded before Flop
Seat 3: Cristian9096 (big blind) folded on the Flop
Seat 4: pipinoelbreve9 folded before Flop (didn't bet)
Seat 5: trevel2727 folded before Flop (didn't bet)
Seat 6: P. Borba7 collected (€0.52)



PokerStars Zoom Hand #258307348097:  Hold'em No Limit (€0.05/€0.10) - 2025/10/29 15:45:41 CET [2025/10/29 10:45:41 ET]
Table 'Caph' 6-max Seat #1 is the button
Seat 1: willywon221 (€9.10 in chips) 
Seat 2: iurii machushak (€10.30 in chips) 
Seat 3: pipinoelbreve9 (€10 in chips) 
Seat 4: pomkuitfromhell (€10 in chips) 
Seat 5: RoFic (€19.14 in chips) 
Seat 6: sonhel (€8.25 in chips) 
iurii machushak: posts small blind €0.05
pipinoelbreve9: posts big blind €0.10
*** HOLE CARDS ***
Dealt to pipinoelbreve9 [2s Qd]
pomkuitfromhell: folds 
RoFic: folds 
sonhel: folds 
willywon221: folds 
iurii machushak: folds 
Uncalled bet (€0.05) returned to pipinoelbreve9
pipinoelbreve9 collected €0.10 from pot
pipinoelbreve9: doesn't show hand 
*** SUMMARY ***
Total pot €0.10 | Rake €0 
Seat 1: willywon221 (button) folded before Flop (didn't bet)
Seat 2: iurii machushak (small blind) folded before Flop
Seat 3: pipinoelbreve9 (big blind) collected (€0.10)
Seat 4: pomkuitfromhell folded before Flop (didn't bet)
Seat 5: RoFic folded before Flop (didn't bet)
Seat 6: sonhel folded before Flop (didn't bet)



PokerStars Zoom Hand #258307344698:  Hold'em No Limit (€0.05/€0.10) - 2025/10/29 15:45:19 CET [2025/10/29 10:45:19 ET]
Table 'Caph' 6-max Seat #1 is the button
Seat 1: Golmar98 (€20.10 in chips) 
Seat 2: Ivangds15 (€11.30 in chips) 
Seat 3: JimyCarter90 (€6.86 in chips) 
Seat 4: pintas76 (€18.48 in chips) 
Seat 5: pipinoelbreve9 (€10 in chips) 
Seat 6: trevel2727 (€5.61 in chips) 
Ivangds15: posts small blind €0.05
JimyCarter90: posts big blind €0.10
*** HOLE CARDS ***
Dealt to pipinoelbreve9 [Ac 6s]
pintas76: raises €0.10 to €0.20
pipinoelbreve9: folds 
trevel2727: calls €0.20
Golmar98: folds 
Ivangds15: folds 
JimyCarter90: calls €0.10
*** FLOP *** [5d Jd 2s]
JimyCarter90: checks 
pintas76: checks 
trevel2727: checks 
*** TURN *** [5d Jd 2s] [4s]
JimyCarter90: bets €0.62
pintas76: folds 
trevel2727: folds 
Uncalled bet (€0.62) returned to JimyCarter90
JimyCarter90 collected €0.62 from pot
JimyCarter90: doesn't show hand 
*** SUMMARY ***
Total pot €0.65 | Rake €0.03 
Board [5d Jd 2s 4s]
Seat 1: Golmar98 (button) folded before Flop (didn't bet)
Seat 2: Ivangds15 (small blind) folded before Flop
Seat 3: JimyCarter90 (big blind) collected (€0.62)
Seat 4: pintas76 folded on the Turn
Seat 5: pipinoelbreve9 folded before Flop (didn't bet)
Seat 6: trevel2727 folded on the Turn



PokerStars Zoom Hand #258307349968:  Hold'em No Limit (€0.05/€0.10) - 2025/10/29 15:45:53 CET [2025/10/29 10:45:53 ET]
Table 'Caph' 6-max Seat #1 is the button
Seat 1: Golmar98 (€44.07 in chips) 
Seat 2: pipinoelbreve9 (€10.05 in chips) 
Seat 3: erhersal (€11.44 in chips) 
Seat 4: guitalex (€12.08 in chips) 
Seat 5: galache (€13.26 in chips) 
Seat 6: Runnans (€10 in chips) 
pipinoelbreve9: posts small blind €0.05
erhersal: posts big blind €0.10
*** HOLE CARDS ***
Dealt to pipinoelbreve9 [Jc Th]
guitalex: folds 
galache: folds 
Runnans: raises €0.10 to €0.20
Golmar98: raises €0.45 to €0.65
pipinoelbreve9: folds 
erhersal: folds 
Runnans: folds 
Uncalled bet (€0.45) returned to Golmar98
Golmar98 collected €0.55 from pot
Golmar98: doesn't show hand 
*** SUMMARY ***
Total pot €0.55 | Rake €0 
Seat 1: Golmar98 (button) collected (€0.55)
Seat 2: pipinoelbreve9 (small blind) folded before Flop
Seat 3: erhersal (big blind) folded before Flop
Seat 4: guitalex folded before Flop (didn't bet)
Seat 5: galache folded before Flop (didn't bet)
Seat 6: Runnans folded before Flop



PokerStars Zoom Hand #258307354037:  Hold'em No Limit (€0.05/€0.10) - 2025/10/29 15:46:19 CET [2025/10/29 10:46:19 ET]
Table 'Caph' 6-max Seat #1 is the button
Seat 1: pipinoelbreve9 (€10 in chips) 
Seat 2: JimyCarter90 (€7.28 in chips) 
Seat 3: basurdia (€10.91 in chips) 
Seat 4: P. Borba7 (€10.05 in chips) 
Seat 5: piacopoker (€22.71 in chips) 
Seat 6: galache (€13.58 in chips) 
JimyCarter90: posts small blind €0.05
basurdia: posts big blind €0.10
*** HOLE CARDS ***
Dealt to pipinoelbreve9 [6c Qd]
P. Borba7: folds 
piacopoker: raises €0.20 to €0.30
galache: folds 
pipinoelbreve9: folds 
JimyCarter90: folds 
basurdia: folds 
Uncalled bet (€0.20) returned to piacopoker
piacopoker collected €0.25 from pot
piacopoker: doesn't show hand 
*** SUMMARY ***
Total pot €0.25 | Rake €0 
Seat 1: pipinoelbreve9 (button) folded before Flop (didn't bet)
Seat 2: JimyCarter90 (small blind) folded before Flop
Seat 3: basurdia (big blind) folded before Flop
Seat 4: P. Borba7 folded before Flop (didn't bet)
Seat 5: piacopoker collected (€0.25)
Seat 6: galache folded before Flop (didn't bet)



PokerStars Zoom Hand #258307354486:  Hold'em No Limit (€0.05/€0.10) - 2025/10/29 15:46:22 CET [2025/10/29 10:46:22 ET]
Table 'Caph' 6-max Seat #1 is the button
Seat 1: jdq28 (€11.24 in chips) 
Seat 2: marcosamunt (€17.16 in chips) 
Seat 3: trevel2727 (€4.69 in chips) 
Seat 4: jayKOdee (€9.85 in chips) 
Seat 5: pipinoelbreve9 (€10 in chips) 
Seat 6: Ivangennaro (€33.80 in chips) 
marcosamunt: posts small blind €0.05
trevel2727: posts big blind €0.10
*** HOLE CARDS ***
Dealt to pipinoelbreve9 [5h 3d]
jayKOdee: folds 
pipinoelbreve9: folds 
Ivangennaro: raises €0.20 to €0.30
jdq28: folds 
marcosamunt: folds 
trevel2727: raises €4.39 to €4.69 and is all-in
Ivangennaro: folds 
Uncalled bet (€4.39) returned to trevel2727
trevel2727 collected €0.65 from pot
trevel2727: doesn't show hand 
*** SUMMARY ***
Total pot €0.65 | Rake €0 
Seat 1: jdq28 (button) folded before Flop (didn't bet)
Seat 2: marcosamunt (small blind) folded before Flop
Seat 3: trevel2727 (big blind) collected (€0.65)
Seat 4: jayKOdee folded before Flop (didn't bet)
Seat 5: pipinoelbreve9 folded before Flop (didn't bet)
Seat 6: Ivangennaro folded before Flop



PokerStars Zoom Hand #258307355317:  Hold'em No Limit (€0.05/€0.10) - 2025/10/29 15:46:28 CET [2025/10/29 10:46:28 ET]
Table 'Caph' 6-max Seat #1 is the button
Seat 1: HPforever65 (€9.85 in chips) 
Seat 2: NAlexandru22 (€9.44 in chips) 
Seat 3: pipinoelbreve9 (€10 in chips) 
Seat 4: abyssal86 (€9.34 in chips) 
Seat 5: willywon221 (€8.17 in chips) 
Seat 6: Cristian9096 (€8.02 in chips) 
NAlexandru22: posts small blind €0.05
pipinoelbreve9: posts big blind €0.10
*** HOLE CARDS ***
Dealt to pipinoelbreve9 [2h Td]
abyssal86: folds 
willywon221: folds 
Cristian9096: folds 
HPforever65: folds 
NAlexandru22: calls €0.05
pipinoelbreve9: checks 
*** FLOP *** [9c 8d 5s]
NAlexandru22: bets €0.15
pipinoelbreve9: calls €0.15
*** TURN *** [9c 8d 5s] [8h]
NAlexandru22: bets €9.19 and is all-in
pipinoelbreve9: folds 
Uncalled bet (€9.19) returned to NAlexandru22
NAlexandru22 collected €0.48 from pot
NAlexandru22: doesn't show hand 
*** SUMMARY ***
Total pot €0.50 | Rake €0.02 
Board [9c 8d 5s 8h]
Seat 1: HPforever65 (button) folded before Flop (didn't bet)
Seat 2: NAlexandru22 (small blind) collected (€0.48)
Seat 3: pipinoelbreve9 (big blind) folded on the Turn
Seat 4: abyssal86 folded before Flop (didn't bet)
Seat 5: willywon221 folded before Flop (didn't bet)
Seat 6: Cristian9096 folded before Flop (didn't bet)



PokerStars Zoom Hand #258307360707:  Hold'em No Limit (€0.05/€0.10) - 2025/10/29 15:47:03 CET [2025/10/29 10:47:03 ET]
Table 'Caph' 6-max Seat #1 is the button
Seat 1: pipinoelbreve9 (€10 in chips) 
Seat 2: Ivangennaro (€30.18 in chips) 
Seat 3: 2Jm2 (€10 in chips) 
Seat 4: iurii machushak (€10.41 in chips) 
Seat 5: tILtado (€11.11 in chips) 
Seat 6: jk5poker (€17.43 in chips) 
Ivangennaro: posts small blind €0.05
2Jm2: posts big blind €0.10
*** HOLE CARDS ***
Dealt to pipinoelbreve9 [Qc 5h]
iurii machushak: folds 
tILtado: folds 
jk5poker: folds 
pipinoelbreve9: folds 
Ivangennaro: folds 
Uncalled bet (€0.05) returned to 2Jm2
2Jm2 collected €0.10 from pot
2Jm2: doesn't show hand 
*** SUMMARY ***
Total pot €0.10 | Rake €0 
Seat 1: pipinoelbreve9 (button) folded before Flop (didn't bet)
Seat 2: Ivangennaro (small blind) folded before Flop
Seat 3: 2Jm2 (big blind) collected (€0.10)
Seat 4: iurii machushak folded before Flop (didn't bet)
Seat 5: tILtado folded before Flop (didn't bet)
Seat 6: jk5poker folded before Flop (didn't bet)



PokerStars Zoom Hand #258307354851:  Hold'em No Limit (€0.05/€0.10) - 2025/10/29 15:46:25 CET [2025/10/29 10:46:25 ET]
Table 'Caph' 6-max Seat #1 is the button
Seat 1: PSG7527 (€10.13 in chips) 
Seat 2: grindlaspiel (€9.73 in chips) 
Seat 3: KinkyBwoy_1 (€5.86 in chips) 
Seat 4: pipinoelbreve9 (€10 in chips) 
Seat 5: ehbraga (€10 in chips) 
Seat 6: guitalex (€12.18 in chips) 
grindlaspiel: posts small blind €0.05
KinkyBwoy_1: posts big blind €0.10
*** HOLE CARDS ***
Dealt to pipinoelbreve9 [6h 2d]
pipinoelbreve9: folds 
ehbraga: folds 
guitalex: folds 
PSG7527: folds 
grindlaspiel: raises €0.20 to €0.30
KinkyBwoy_1: raises €0.20 to €0.50
grindlaspiel: calls €0.20
*** FLOP *** [3c Jd 4s]
grindlaspiel: checks 
KinkyBwoy_1: checks 
*** TURN *** [3c Jd 4s] [Jc]
grindlaspiel: checks 
KinkyBwoy_1: bets €0.48
grindlaspiel: folds 
Uncalled bet (€0.48) returned to KinkyBwoy_1
KinkyBwoy_1 collected €0.95 from pot
KinkyBwoy_1: doesn't show hand 
*** SUMMARY ***
Total pot €1 | Rake €0.05 
Board [3c Jd 4s Jc]
Seat 1: PSG7527 (button) folded before Flop (didn't bet)
Seat 2: grindlaspiel (small blind) folded on the Turn
Seat 3: KinkyBwoy_1 (big blind) collected (€0.95)
Seat 4: pipinoelbreve9 folded before Flop (didn't bet)
Seat 5: ehbraga folded before Flop (didn't bet)
Seat 6: guitalex folded before Flop (didn't bet)



PokerStars Zoom Hand #258307361497:  Hold'em No Limit (€0.05/€0.10) - 2025/10/29 15:47:08 CET [2025/10/29 10:47:08 ET]
Table 'Caph' 6-max Seat #1 is the button
Seat 1: RoFic (€11.81 in chips) 
Seat 2: pipinoelbreve9 (€10 in chips) 
Seat 3: Ivangennaro (€30.13 in chips) 
Seat 4: tILtado (€11.11 in chips) 
Seat 5: jk5poker (€17.43 in chips) 
Seat 6: Ivangds15 (€10 in chips) 
pipinoelbreve9: posts small blind €0.05
Ivangennaro: posts big blind €0.10
*** HOLE CARDS ***
Dealt to pipinoelbreve9 [Ts Qd]
tILtado: folds 
jk5poker: folds 
Ivangds15: folds 
RoFic: folds 
pipinoelbreve9: raises €0.15 to €0.25
Ivangennaro: calls €0.15
*** FLOP *** [5d 4c 3d]
pipinoelbreve9: checks 
Ivangennaro: checks 
*** TURN *** [5d 4c 3d] [5h]
pipinoelbreve9: checks 
Ivangennaro: checks 
*** RIVER *** [5d 4c 3d 5h] [4h]
pipinoelbreve9: checks 
Ivangennaro: checks 
*** SHOW DOWN ***
pipinoelbreve9: shows [Ts Qd] (two pair, Fives and Fours)
Ivangennaro: shows [Qs 8d] (two pair, Fives and Fours)
pipinoelbreve9 collected €0.24 from pot
Ivangennaro collected €0.24 from pot
*** SUMMARY ***
Total pot €0.50 | Rake €0.02 
Board [5d 4c 3d 5h 4h]
Seat 1: RoFic (button) folded before Flop (didn't bet)
Seat 2: pipinoelbreve9 (small blind) showed [Ts Qd] and won (€0.24) with two pair, Fives and Fours
Seat 3: Ivangennaro (big blind) showed [Qs 8d] and won (€0.24) with two pair, Fives and Fours
Seat 4: tILtado folded before Flop (didn't bet)
Seat 5: jk5poker folded before Flop (didn't bet)
Seat 6: Ivangds15 folded before Flop (didn't bet)



PokerStars Zoom Hand #258307367815:  Hold'em No Limit (€0.05/€0.10) - 2025/10/29 15:47:50 CET [2025/10/29 10:47:50 ET]
Table 'Caph' 6-max Seat #1 is the button
Seat 1: HPforever65 (€10.21 in chips) 
Seat 2: jayKOdee (€9.47 in chips) 
Seat 3: RoFic (€20.91 in chips) 
Seat 4: galache (€15.93 in chips) 
Seat 5: Ewenou (€11.13 in chips) 
Seat 6: pipinoelbreve9 (€10 in chips) 
jayKOdee: posts small blind €0.05
RoFic: posts big blind €0.10
*** HOLE CARDS ***
Dealt to pipinoelbreve9 [9s 4h]
galache: folds 
Ewenou: folds 
pipinoelbreve9: folds 
HPforever65: folds 
jayKOdee: folds 
Uncalled bet (€0.05) returned to RoFic
RoFic collected €0.10 from pot
RoFic: doesn't show hand 
*** SUMMARY ***
Total pot €0.10 | Rake €0 
Seat 1: HPforever65 (button) folded before Flop (didn't bet)
Seat 2: jayKOdee (small blind) folded before Flop
Seat 3: RoFic (big blind) collected (€0.10)
Seat 4: galache folded before Flop (didn't bet)
Seat 5: Ewenou folded before Flop (didn't bet)
Seat 6: pipinoelbreve9 folded before Flop (didn't bet)



PokerStars Zoom Hand #258307368450:  Hold'em No Limit (€0.05/€0.10) - 2025/10/29 15:47:53 CET [2025/10/29 10:47:53 ET]
Table 'Caph' 6-max Seat #1 is the button
Seat 1: martine4839 (€23.47 in chips) 
Seat 2: pomkuitfromhell (€10 in chips) 
Seat 3: olijmandrea (€7.55 in chips) 
Seat 4: P. Borba7 (€11.81 in chips) 
Seat 5: pipinoelbreve9 (€10 in chips) 
Seat 6: Pabley27 (€11.98 in chips) 
pomkuitfromhell: posts small blind €0.05
olijmandrea: posts big blind €0.10
*** HOLE CARDS ***
Dealt to pipinoelbreve9 [2c Qs]
P. Borba7: raises €0.15 to €0.25
pipinoelbreve9: folds 
Pabley27: folds 
martine4839: folds 
pomkuitfromhell: folds 
olijmandrea: folds 
Uncalled bet (€0.15) returned to P. Borba7
P. Borba7 collected €0.25 from pot
P. Borba7: doesn't show hand 
*** SUMMARY ***
Total pot €0.25 | Rake €0 
Seat 1: martine4839 (button) folded before Flop (didn't bet)
Seat 2: pomkuitfromhell (small blind) folded before Flop
Seat 3: olijmandrea (big blind) folded before Flop
Seat 4: P. Borba7 collected (€0.25)
Seat 5: pipinoelbreve9 folded before Flop (didn't bet)
Seat 6: Pabley27 folded before Flop (didn't bet)



PokerStars Zoom Hand #258307370274:  Hold'em No Limit (€0.05/€0.10) - 2025/10/29 15:48:05 CET [2025/10/29 10:48:05 ET]
Table 'Caph' 6-max Seat #1 is the button
Seat 1: pipinoelbreve9 (€10 in chips) 
Seat 2: Runnans (€19.05 in chips) 
Seat 3: Golmar98 (€19.99 in chips) 
Seat 4: pomkuitfromhell (€10 in chips) 
Seat 5: Necada15 (€6.69 in chips) 
Seat 6: Creativ93 (€13.87 in chips) 
Runnans: posts small blind €0.05
Golmar98: posts big blind €0.10
*** HOLE CARDS ***
Dealt to pipinoelbreve9 [3d 2d]
pomkuitfromhell: folds 
Necada15: folds 
Creativ93: raises €0.20 to €0.30
pipinoelbreve9: folds 
Runnans: folds 
Golmar98: folds 
Uncalled bet (€0.20) returned to Creativ93
Creativ93 collected €0.25 from pot
Creativ93: doesn't show hand 
*** SUMMARY ***
Total pot €0.25 | Rake €0 
Seat 1: pipinoelbreve9 (button) folded before Flop (didn't bet)
Seat 2: Runnans (small blind) folded before Flop
Seat 3: Golmar98 (big blind) folded before Flop
Seat 4: pomkuitfromhell folded before Flop (didn't bet)
Seat 5: Necada15 folded before Flop (didn't bet)
Seat 6: Creativ93 collected (€0.25)



PokerStars Zoom Hand #258307369557:  Hold'em No Limit (€0.05/€0.10) - 2025/10/29 15:48:01 CET [2025/10/29 10:48:01 ET]
Table 'Caph' 6-max Seat #1 is the button
Seat 1: Lori057 (€31.27 in chips) 
Seat 2: RoFic (€12.31 in chips) 
Seat 3: Creativ93 (€16.84 in chips) 
Seat 4: pipinoelbreve9 (€10 in chips) 
Seat 5: GiLSteel (€10.85 in chips) 
Seat 6: martine4839 (€23.47 in chips) 
RoFic: posts small blind €0.05
Creativ93: posts big blind €0.10
*** HOLE CARDS ***
Dealt to pipinoelbreve9 [As 7s]
pipinoelbreve9: folds 
GiLSteel: folds 
martine4839: folds 
Lori057: raises €0.15 to €0.25
RoFic: folds 
Creativ93: folds 
Uncalled bet (€0.15) returned to Lori057
Lori057 collected €0.25 from pot
Lori057: doesn't show hand 
*** SUMMARY ***
Total pot €0.25 | Rake €0 
Seat 1: Lori057 (button) collected (€0.25)
Seat 2: RoFic (small blind) folded before Flop
Seat 3: Creativ93 (big blind) folded before Flop
Seat 4: pipinoelbreve9 folded before Flop (didn't bet)
Seat 5: GiLSteel folded before Flop (didn't bet)
Seat 6: martine4839 folded before Flop (didn't bet)



PokerStars Zoom Hand #258307369197:  Hold'em No Limit (€0.05/€0.10) - 2025/10/29 15:47:58 CET [2025/10/29 10:47:58 ET]
Table 'Caph' 6-max Seat #1 is the button
Seat 1: FranciscoEvoraa (€10.42 in chips) 
Seat 2: Creativ93 (€16.89 in chips) 
Seat 3: Ewenou (€11.08 in chips) 
Seat 4: pipinoelbreve9 (€10 in chips) 
Seat 5: KAYSERSOZE75 (€9.05 in chips) 
Seat 6: 2Jm2 (€10 in chips) 
Creativ93: posts small blind €0.05
Ewenou: posts big blind €0.10
*** HOLE CARDS ***
Dealt to pipinoelbreve9 [Qd 2d]
pipinoelbreve9: folds 
KAYSERSOZE75: raises €0.10 to €0.20
2Jm2: folds 
FranciscoEvoraa: folds 
Creativ93: folds 
Ewenou: folds 
Uncalled bet (€0.10) returned to KAYSERSOZE75
KAYSERSOZE75 collected €0.25 from pot
KAYSERSOZE75: doesn't show hand 
*** SUMMARY ***
Total pot €0.25 | Rake €0 
Seat 1: FranciscoEvoraa (button) folded before Flop (didn't bet)
Seat 2: Creativ93 (small blind) folded before Flop
Seat 3: Ewenou (big blind) folded before Flop
Seat 4: pipinoelbreve9 folded before Flop (didn't bet)
Seat 5: KAYSERSOZE75 collected (€0.25)
Seat 6: 2Jm2 folded before Flop (didn't bet)



PokerStars Zoom Hand #258307370797:  Hold'em No Limit (€0.05/€0.10) - 2025/10/29 15:48:08 CET [2025/10/29 10:48:08 ET]
Table 'Caph' 6-max Seat #1 is the button
Seat 1: Ivangds15 (€10.35 in chips) 
Seat 2: FranciscoEvoraa (€10.42 in chips) 
Seat 3: pipinoelbreve9 (€10 in chips) 
Seat 4: 2Jm2 (€10 in chips) 
Seat 5: jayKOdee (€9.32 in chips) 
Seat 6: Ivangennaro (€32.15 in chips) 
FranciscoEvoraa: posts small blind €0.05
pipinoelbreve9: posts big blind €0.10
*** HOLE CARDS ***
Dealt to pipinoelbreve9 [4c 6c]
2Jm2: folds 
jayKOdee: folds 
Ivangennaro: raises €0.20 to €0.30
Ivangds15: folds 
FranciscoEvoraa: folds 
pipinoelbreve9: calls €0.20
*** FLOP *** [2h 4h Qd]
pipinoelbreve9: checks 
Ivangennaro: bets €0.41
pipinoelbreve9: calls €0.41
*** TURN *** [2h 4h Qd] [Ah]
pipinoelbreve9: checks 
Ivangennaro: checks 
*** RIVER *** [2h 4h Qd Ah] [4d]
pipinoelbreve9: checks 
Ivangennaro: checks 
*** SHOW DOWN ***
pipinoelbreve9: shows [4c 6c] (three of a kind, Fours)
Ivangennaro: mucks hand 
pipinoelbreve9 collected €1.40 from pot
*** SUMMARY ***
Total pot €1.47 | Rake €0.07 
Board [2h 4h Qd Ah 4d]
Seat 1: Ivangds15 (button) folded before Flop (didn't bet)
Seat 2: FranciscoEvoraa (small blind) folded before Flop
Seat 3: pipinoelbreve9 (big blind) showed [4c 6c] and won (€1.40) with three of a kind, Fours
Seat 4: 2Jm2 folded before Flop (didn't bet)
Seat 5: jayKOdee folded before Flop (didn't bet)
Seat 6: Ivangennaro mucked [Kc Js]



PokerStars Zoom Hand #258307377908:  Hold'em No Limit (€0.05/€0.10) - 2025/10/29 15:48:54 CET [2025/10/29 10:48:54 ET]
Table 'Caph' 6-max Seat #1 is the button
Seat 1: trevel2727 (€5.13 in chips) 
Seat 2: FranciscoEvoraa (€10.27 in chips) 
Seat 3: Ivangds15 (€11.11 in chips) 
Seat 4: tILtado (€11.64 in chips) 
Seat 5: pomkuitfromhell (€10 in chips) 
Seat 6: pipinoelbreve9 (€10.64 in chips) 
FranciscoEvoraa: posts small blind €0.05
Ivangds15: posts big blind €0.10
*** HOLE CARDS ***
Dealt to pipinoelbreve9 [Jd Ac]
tILtado: folds 
pomkuitfromhell: folds 
pipinoelbreve9: raises €0.15 to €0.25
trevel2727: raises €0.55 to €0.80
FranciscoEvoraa: folds 
Ivangds15: folds 
pipinoelbreve9: calls €0.55
*** FLOP *** [5s 8c 3h]
pipinoelbreve9: checks 
trevel2727: bets €1.20
pipinoelbreve9: folds 
Uncalled bet (€1.20) returned to trevel2727
trevel2727 collected €1.66 from pot
trevel2727: doesn't show hand 
*** SUMMARY ***
Total pot €1.75 | Rake €0.09 
Board [5s 8c 3h]
Seat 1: trevel2727 (button) collected (€1.66)
Seat 2: FranciscoEvoraa (small blind) folded before Flop
Seat 3: Ivangds15 (big blind) folded before Flop
Seat 4: tILtado folded before Flop (didn't bet)
Seat 5: pomkuitfromhell folded before Flop (didn't bet)
Seat 6: pipinoelbreve9 folded on the Flop



PokerStars Zoom Hand #258307377448:  Hold'em No Limit (€0.05/€0.10) - 2025/10/29 15:48:51 CET [2025/10/29 10:48:51 ET]
Table 'Caph' 6-max Seat #1 is the button
Seat 1: Pabley27 (€12.07 in chips) 
Seat 2: pipinoelbreve9 (€10.69 in chips) 
Seat 3: jayKOdee (€9.32 in chips) 
Seat 4: Anovmalo5 (€7.57 in chips) 
Seat 5: Aceofspades2905 (€8.70 in chips) 
Seat 6: martine4839 (€23.14 in chips) 
pipinoelbreve9: posts small blind €0.05
jayKOdee: posts big blind €0.10
*** HOLE CARDS ***
Dealt to pipinoelbreve9 [7d 3d]
Anovmalo5: folds 
Aceofspades2905: calls €0.10
martine4839: folds 
Pabley27: raises €0.20 to €0.30
pipinoelbreve9: folds 
jayKOdee: folds 
Aceofspades2905: calls €0.20
*** FLOP *** [8d 4d 8h]
Aceofspades2905: checks 
Pabley27: bets €0.36
Aceofspades2905: folds 
Uncalled bet (€0.36) returned to Pabley27
Pabley27 collected €0.71 from pot
Pabley27: doesn't show hand 
*** SUMMARY ***
Total pot €0.75 | Rake €0.04 
Board [8d 4d 8h]
Seat 1: Pabley27 (button) collected (€0.71)
Seat 2: pipinoelbreve9 (small blind) folded before Flop
Seat 3: jayKOdee (big blind) folded before Flop
Seat 4: Anovmalo5 folded before Flop (didn't bet)
Seat 5: Aceofspades2905 folded on the Flop
Seat 6: martine4839 folded before Flop (didn't bet)



PokerStars Zoom Hand #258307382778:  Hold'em No Limit (€0.05/€0.10) - 2025/10/29 15:49:26 CET [2025/10/29 10:49:26 ET]
Table 'Caph' 6-max Seat #1 is the button
Seat 1: Ivangds15 (€10 in chips) 
Seat 2: FranciscoEvoraa (€10.12 in chips) 
Seat 3: dariotd (€25.95 in chips) 
Seat 4: pipinoelbreve9 (€10 in chips) 
Seat 5: Ewenou (€13.81 in chips) 
Seat 6: HPforever65 (€7.70 in chips) 
FranciscoEvoraa: posts small blind €0.05
dariotd: posts big blind €0.10
*** HOLE CARDS ***
Dealt to pipinoelbreve9 [Ks 6s]
pipinoelbreve9: folds 
Ewenou: folds 
HPforever65: raises €0.15 to €0.25
Ivangds15: folds 
FranciscoEvoraa: folds 
dariotd: folds 
Uncalled bet (€0.15) returned to HPforever65
HPforever65 collected €0.25 from pot
HPforever65: doesn't show hand 
*** SUMMARY ***
Total pot €0.25 | Rake €0 
Seat 1: Ivangds15 (button) folded before Flop (didn't bet)
Seat 2: FranciscoEvoraa (small blind) folded before Flop
Seat 3: dariotd (big blind) folded before Flop
Seat 4: pipinoelbreve9 folded before Flop (didn't bet)
Seat 5: Ewenou folded before Flop (didn't bet)
Seat 6: HPforever65 collected (€0.25)



